@book{barnard2002fashion,
  title={Fashion as Communication},
  author={Barnard, M.},
  isbn={9780415260183},
  url={http://books.google.co.uk/books?id=apYcqeifgJcC},
  year={2002},
  publisher={Routledge}
}



@Article{Kawabata,
author = {Sueo Kawabata and Masako Niwa and Yoshihiro Yamashita},
title = {A guide line for manufacturing ``ideal fabrics''},
journal = {International Journal of Clothing Science and Technology},
year = {1999},
OPTkey = {•},
OPTvolume = {11},
OPTnumber = {2/3},
OPTpages = {134 - 144},
OPTmonth = {•},
OPTnote = {•},
OPTannote = {•}
}

@article{Peyre2006,
 author = {Peyr{\'e}, Gabriel and Cohen, Laurent D.},
 title = {Geodesic Remeshing Using Front Propagation},
 journal = {Int. J. Comput. Vision},
 issue_date = {August    2006},
 volume = {69},
 number = {1},
 month = aug,
 year = {2006},
 issn = {0920-5691},
 pages = {145--156},
 numpages = {12},
 url = {http://dx.doi.org/10.1007/s11263-006-6859-3},
 doi = {10.1007/s11263-006-6859-3},
 acmid = {1133794},
 publisher = {Kluwer Academic Publishers},
 address = {Hingham, MA, USA},
 keywords = {deformable models, fast marching algorithm, geodesic computation, mesh segmentation, remeshing, surface parameterization, texture mapping}
} 

@ARTICLE{Zigelman998671, 
author={Zigelman, G. and Kimmel, R. and Kiryati, N.}, 
journal={Visualization and Computer Graphics, IEEE Transactions on}, 
title={Texture mapping using surface flattening via multidimensional scaling}, 
year={2002}, 
month={Apr}, 
volume={8}, 
number={2}, 
pages={198-207}, 
keywords={computational complexity;computational geometry;differential geometry;image morphing;image texture;inverse problems;scaling phenomena;curved surface;fast marching method;finite-dimensional Euclidean domain;flat texture patch;geodesic distance map;global structure preservation;inverse problem;local structure preservation;minimal distortion;multi-dimensional scaling;surface flattening;surface point;texture mappiing;triangulated surfaces;Multidimensional systems;Surface texture}, 
doi={10.1109/2945.998671}, 
ISSN={1077-2626}
}

@Book{FAST,
author = { De Boos, A. G. and Tester, David H. and De Boos, A. G. and CSIRO. },
title = { SiroFast, Fabric Assurance by Simple Testing : a system for fabric objective measurement and its application in fabric and garment manufacture / Allan G. De Boos and David H. Tester },
isbn = { 0643060251 },
publisher = { CSIRO Division of Wool Technology Geelong },
pages = { 42 p. : },
year = { 1997 },
type = { Book },
language = { English },
subjects = { Wool fabrics - Testing. },
life-dates = { 1997 -  },
catalogue-url = { http://nla.gov.au/nla.cat-vn290180 },
}


@book{ashdown2007sizing,
  title={Sizing in Clothing},
  author={Ashdown, S.},
  isbn={9781845692582},
  series={Woodhead Publishing Series in Textiles},
  url={http://books.google.co.uk/books?id=KqSjAgAAQBAJ},
  year={2007},
  publisher={Elsevier Science}
}

@inproceedings{Igarashi2002,
 author = {Igarashi, Takeo and Hughes, John F.},
 title = {Clothing Manipulation},
 booktitle = {Proceedings of the 15th Annual ACM Symposium on User Interface Software and Technology},
 series = {UIST '02},
 year = {2002},
 isbn = {1-58113-488-6},
 location = {Paris, France},
 pages = {91--100},
 numpages = {10},
 url = {http://doi.acm.org/10.1145/571985.571999},
 doi = {10.1145/571985.571999},
 acmid = {571999},
 publisher = {ACM},
 address = {New York, NY, USA},
 keywords = {clothing, user interface}
} 

@article{Wang2009614,
title = "Interactive 3D garment design with constrained contour curves and style curves ",
journal = "Computer-Aided Design ",
volume = "41",
number = "9",
pages = "614 - 625",
year = "2009",
note = "",
issn = "0010-4485",
doi = "http://dx.doi.org/10.1016/j.cad.2009.04.009",
url = "http://www.sciencedirect.com/science/article/pii/S0010448509001079",
author = "Jin Wang and Guodong Lu and Weilong Li and Long Chen and Yoshiyuki Sakaguti",
keywords = "3D garment",
keywords = "Contour curves",
keywords = "Style curves",
keywords = "Constraints resolving",
keywords = "Surface modeling",
keywords = "Pattern design "
}




@book{hopkins2009basics,
  title={Basics Fashion Design 05: Fashion Drawing},
  author={Hopkins, J.},
  isbn={9782940411153},
  series={Basics fashion design},
  url={http://books.google.co.uk/books?id=pV3fOs94qEYC},
  year={2009},
  publisher={Bloomsbury Academic}
}


@article{Backwell20081566,
title = "Middle Stone Age bone tools from the Howiesons Poort layers, Sibudu Cave, South Africa ",
journal = "Journal of Archaeological Science ",
volume = "35",
number = "6",
pages = "1566 - 1580",
year = "2008",
note = "",
issn = "0305-4403",
doi = "http://dx.doi.org/10.1016/j.jas.2007.11.006",
url = "http://www.sciencedirect.com/science/article/pii/S0305440307002142",
author = "Lucinda Backwell and Francesco d'Errico and Lyn Wadley",
keywords = "Howiesons Poort",
keywords = "Hunting technology",
keywords = "Bone tools",
keywords = "Behavioural modernity "
}

@book{barber1991prehistoric,
  title={Prehistoric Textiles: The Development of Cloth in the Neolithic and Bronze Ages with Special Reference to the Aegean},
  author={Barber, E.J.W.},
  isbn={9780691002248},
  lccn={lc89010329},
  series={Princeton paperbacks},
  url={http://books.google.co.uk/books?id=HnSlynSfeEIC},
  year={1991},
  publisher={Princeton University Press}
}

@article{LYNCH30081985,
author = {Lynch, Thomas F. and Gillespie, R. and Gowlett, John A. J. and Hedges, R. E. M.}, 
title = {Chronology of Guitarrero Cave, Peru},
volume = {229}, 
number = {4716}, 
pages = {864-867}, 
year = {1985}, 
doi = {10.1126/science.229.4716.864}, 
URL = {http://www.sciencemag.org/content/229/4716/864.abstract}, 
eprint = {http://www.sciencemag.org/content/229/4716/864.full.pdf}, 
journal = {Science} 
}

@book{crane2012fashion,
  title={Fashion and Its Social Agendas: Class, Gender, and Identity in Clothing},
  author={Crane, D.},
  isbn={9780226924830},
  url={http://books.google.co.uk/books?id=VT\_r8GgEoKkC},
  year={2012},
  publisher={University of Chicago Press}
}

@book{steele1998paris,
  title={Paris Fashion: A Cultural History},
  author={Steele, V.},
  isbn={9781859739730},
  lccn={99461944},
  url={http://books.google.co.uk/books?id=Vwhieeo\_nfMC},
  year={1998},
  publisher={Bloomsbury Academic}
}


@article{Wang2003659,
title = "Feature based 3D garment design through 2D sketches ",
journal = "Computer-Aided Design ",
volume = "35",
number = "7",
pages = "659 - 672",
year = "2003",
note = "",
issn = "0010-4485",
doi = "http://dx.doi.org/10.1016/S0010-4485(02)00091-X",
url = "http://www.sciencedirect.com/science/article/pii/S001044850200091X",
author = "Charlie C.L. Wang and Yu Wang and Matthew M.F. Yuen",
keywords = "Sketched input",
keywords = "2D strokes",
keywords = "3D design",
keywords = "Computer-aided design",
keywords = "Garment industry "
}

@article{Wang2002823,
title = "Surface flattening based on energy model ",
journal = "Computer-Aided Design ",
volume = "34",
number = "11",
pages = "823 - 833",
year = "2002",
note = "",
issn = "0010-4485",
doi = "http://dx.doi.org/10.1016/S0010-4485(01)00150-6",
url = "http://www.sciencedirect.com/science/article/pii/S0010448501001506",
author = "Charlie C.L Wang and Shana S-F Smith and Matthew M.F Yuen",
keywords = "Surface flatten",
keywords = "Energy-based model",
keywords = "Spring–mass system",
keywords = "Computer aided garment design "
}

@ARTICLE{Turquin4052501, 
author={Turquin, E. and Wither, Jamie and Boissieux, L. and Cani, M.-P. and Hughes, J.F.}, 
journal={Computer Graphics and Applications, IEEE}, 
title={A Sketch-Based Interface for Clothing Virtual Characters}, 
year={2007}, 
month={Jan}, 
volume={27}, 
number={1}, 
pages={72-81}, 
keywords={clothing industry;computer graphics;graphical user interfaces;interactive systems;2D garment silhouette;clothing virtual character;garment creation;interactive system;sketch-based interface;user-drawn sketch;Clothing industry;Feedback;Geometry;Graphical user interfaces;Graphics;Job design;Resists;Shape;Solid modeling;3D modeling.;Sketch-based interface;garment design;Algorithms;Clothing;Computer Graphics;Humans;Image Interpretation, Computer-Assisted;Imaging, Three-Dimensional;Paintings;User-Computer Interface}, 
doi={10.1109/MCG.2007.1}, 
ISSN={0272-1716}
}

@book{stecker1996fashion,
  title={The Fashion Design Manual},
  author={Stecker, P.},
  isbn={9780732907167},
  lccn={97179485},
  url={http://books.google.co.uk/books?id=jGWWlVedQTQC},
  year={1996},
  publisher={Macmillan Education Australia}
}

@article{Fontana2005609,
title = "3D virtual apparel design for industrial applications ",
journal = "Computer-Aided Design ",
volume = "37",
number = "6",
pages = "609 - 622",
year = "2005",
note = "\{CAD\} Methods in Garment Design ",
issn = "0010-4485",
doi = "http://dx.doi.org/10.1016/j.cad.2004.09.004",
url = "http://www.sciencedirect.com/science/article/pii/S0010448504002210",
author = "Marzia Fontana and Caterina Rizzi and Umberto Cugini",
keywords = "Physics-based modelling",
keywords = "Virtual simulation",
keywords = "Cloth design",
keywords = "Newtonian dynamics "
}



@Misc{PipelineOnline,
key = {Chang. A},
author = {Chang, Aldric},
title = {What Goes On Behind Those Closed Doors},
year = {2014},
howpublished = {Website},
note = {http://http://www.media-freaks.com/articles/3d-animation-studios-what-goes-on-behind-those-closed-doors}
}


@InCollection{Bonneau2006,
year={2006},
isbn={978-3-540-26066-0},
booktitle={Scientific Visualization: The Visual Extraction of Knowledge from Data},
series={Mathematics and Visualization},
editor={Bonneau, Georges-Pierre and Ertl, Thomas and Nielson, GregoryM.},
doi={10.1007/3-540-30790-7_19},
title={Rule-based Morphing Techniques for Interactive Clothing Catalogs},
url={http://dx.doi.org/10.1007/3-540-30790-7_19},
publisher={Springer Berlin Heidelberg},
author={Ebert, Achim and Ginkel, Ingo and Hagen, Hans},
pages={329-343}
}


@article {Igarashi2008,
author = {Igarashi, Yuki and Igarashi, Takeo and Suzuki, Hiromasa},
title = {Knitting a 3D Model},
journal = {Computer Graphics Forum},
volume = {27},
number = {7},
publisher = {Blackwell Publishing Ltd},
issn = {1467-8659},
url = {http://dx.doi.org/10.1111/j.1467-8659.2008.01318.x},
doi = {10.1111/j.1467-8659.2008.01318.x},
pages = {1737--1743},
keywords = {I.3.6 [Computer Graphics]: Methodology and Tech-niquesInteraction Techniques, I.3.5 [Computer Graphics]: Computational Geometry and Object Modeling Geometric Algorithms},
year = {2008}
}

@article{Umetani2011,
 author = {Umetani, Nobuyuki and Kaufman, Danny M. and Igarashi, Takeo and Grinspun, Eitan},
 title = {Sensitive Couture for Interactive Garment Modeling and Editing},
 journal = {ACM Trans. Graph.},
 issue_date = {July 2011},
 volume = {30},
 number = {4},
 month = jul,
 year = {2011},
 issn = {0730-0301},
 pages = {90:1--90:12},
 articleno = {90},
 numpages = {12},
 url = {http://doi.acm.org/10.1145/2010324.1964985},
 doi = {10.1145/2010324.1964985},
 acmid = {1964985},
 publisher = {ACM},
 address = {New York, NY, USA}
} 

@article{Meng201268,
title = "Flexible shape control for automatic resizing of apparel products ",
journal = "Computer-Aided Design ",
volume = "44",
number = "1",
pages = "68 - 76",
year = "2012",
note = "Digital Human Modeling in Product Design ",
issn = "0010-4485",
doi = "http://dx.doi.org/10.1016/j.cad.2010.11.008",
url = "http://www.sciencedirect.com/science/article/pii/S0010448510002186",
author = "Yuwei Meng and Charlie C.L. Wang and Xiaogang Jin",
keywords = "Shape control",
keywords = "Discrete surface",
keywords = "3D garment resizing",
keywords = "Feature preserved",
keywords = "Design automation "
}

@article{Wang201078,
title = "Pattern computation for compression garment by a physical/geometric approach ",
journal = "Computer-Aided Design ",
volume = "42",
number = "2",
pages = "78 - 86",
year = "2010",
note = "\{ACM\} Symposium on Solid and Physical Modeling and Applications ",
issn = "0010-4485",
doi = "http://dx.doi.org/10.1016/j.cad.2009.02.018",
url = "http://www.sciencedirect.com/science/article/pii/S0010448509000888",
author = "Charlie C.L. Wang and Kai Tang",
keywords = "Physical/geometric modeling",
keywords = "Compression garment "
}



@article{Yu2012,
 author = {Yu, Hui and Qin, Shengfeng and Sun, Guangmin and Wright, David K.},
 title = {On Generating Realistic Avatars: Dress in Your Own Style},
 journal = {Multimedia Tools Appl.},
 issue_date = {August    2012},
 volume = {59},
 number = {3},
 month = aug,
 year = {2012},
 issn = {1380-7501},
 pages = {973--990},
 numpages = {18},
 url = {http://dx.doi.org/10.1007/s11042-011-0781-6},
 doi = {10.1007/s11042-011-0781-6},
 acmid = {2339099},
 publisher = {Kluwer Academic Publishers},
 address = {Hingham, MA, USA},
 keywords = {3D avatar, Avatar customization, Virtual dressing, Virtual world}
} 

@article{Dunn201236,
title = "Of lice and men: a very intimate history ",
journal = "New Scientist ",
volume = "216",
number = "2889",
pages = "36 - 39",
year = "2012",
note = "",
issn = "0262-4079",
doi = "http://dx.doi.org/10.1016/S0262-4079(12)62837-1",
url = "http://www.sciencedirect.com/science/article/pii/S0262407912628371",
author = "Rob Dunn"
}

@book{weber2006queen,
  title={Queen of Fashion: What Marie Antoinette Wore to the Revolution},
  author={Weber, C.},
  isbn={9780805079494},
  lccn={2006041234},
  url={http://books.google.co.uk/books?id=O8p3sUYUDvEC},
  year={2006},
  publisher={Henry Holt and Company}
}


@Misc{Millard:1919,
author = {Hannah, G. Millard},
title = {Dressmaker's Pattern Outfit},
howpublished = {US Patent No.1313496},
month = {Augest},
year = {1919}
}

@Misc{O'Loughlin:1899,
author = {Robert O'Loughlin},
title = {Pattern for Garment},
howpublished = {US Patent No.632361},
month = {September},
year = {1899}
}

@INPROCEEDINGS{Knowles781913, 
author={Knowles, J. and Corne, D.}, 
booktitle={Evolutionary Computation, 1999. CEC 99. Proceedings of the 1999 Congress on}, 
title={The Pareto archived evolution strategy: a new baseline algorithm for Pareto multiobjective optimisation}, 
year={1999}, 
volume={1}, 
pages={-105 Vol. 1}, 
keywords={genetic algorithms;(1+1) evolution strategy;Pareto archived evolution strategy;Pareto multiobjective optimisation;Pareto optimal set;approximate dominance ranking;baseline algorithm;candidate solution vectors;current solution vectors;diverse solutions;evolutionary algorithm;local search;nontrivial algorithm;population-based methods;previously found solutions;reference archive;reproduction;telecommunications;test functions;Computer science;Evolutionary computation;Genetic algorithms;Optimization methods;Pareto optimization;Routing;Search methods;Simulated annealing;Telecommunication computing;Testing}, 
doi={10.1109/CEC.1999.781913}
}

@article{Deb1999MGA,
 author = {Deb, Kalyanmoy},
 title = {Multi-objective genetic algorithms: Problem difficulties and construction of test problems},
 journal = {Evol. Comput.},
 issue_date = {Fall 1999},
 volume = {7},
 number = {3},
 month = sep,
 year = {1999},
 issn = {1063-6560},
 pages = {205--230},
 numpages = {26},
 url = {http://dx.doi.org/10.1162/evco.1999.7.3.205},
 doi = {10.1162/evco.1999.7.3.205},
 acmid = {1326812},
 publisher = {MIT Press},
 address = {Cambridge, MA, USA},
 keywords = {Genetic algorithms, multi-objective optimization, niching, pareto-optimality, problem difficulties, test problems.}
} 

@article{Srinivas1994MOU,
 author = {Srinivas, N. and Deb, Kalyanmoy},
 title = {Muiltiobjective optimization using nondominated sorting in genetic algorithms},
 journal = {Evol. Comput.},
 issue_date = {Fall 1994},
 volume = {2},
 number = {3},
 month = sep,
 year = {1994},
 issn = {1063-6560},
 pages = {221--248},
 numpages = {28},
 url = {http://dx.doi.org/10.1162/evco.1994.2.3.221},
 doi = {10.1162/evco.1994.2.3.221},
 acmid = {1326671},
 publisher = {MIT Press},
 address = {Cambridge, MA, USA},
 keywords = {Multiobjective optimization, nondominated sorting, phenotypic sharing, ranking selection}
} 


@INPROCEEDINGS{Ishibuchi542345, 
author={Ishibuchi, H. and Murata, T.}, 
booktitle={Evolutionary Computation, 1996., Proceedings of IEEE International Conference on}, 
title={Multi-objective genetic local search algorithm}, 
year={1996}, 
pages={119-124}, 
keywords={digital simulation;genetic algorithms;manufacturing data processing;production control;scheduling;search problems;computer simulations;decision maker preference;flowshop scheduling problems;genetic operations;hybrid algorithm;multiobjective genetic local search algorithm;multiobjective optimization problem;nondominated solutions;searching ability;Computer simulation;Genetic algorithms;Industrial engineering;Job shop scheduling;Processor scheduling;Scheduling algorithm;Simulated annealing}, 
doi={10.1109/ICEC.1996.542345}
}

@inproceedings{Schaffer1985,
 author = {Schaffer, J. David},
 title = {Multiple Objective Optimization with Vector Evaluated Genetic Algorithms},
 booktitle = {Proceedings of the 1st International Conference on Genetic Algorithms},
 year = {1985},
 isbn = {0-8058-0426-9},
 pages = {93--100},
 numpages = {8},
 url = {http://dl.acm.org/citation.cfm?id=645511.657079},
 acmid = {657079},
 publisher = {L. Erlbaum Associates Inc.},
 address = {Hillsdale, NJ, USA}
} 

@inproceedings{Fonseca1993,
 author = {Fonseca, Carlos M. and Fleming, Peter J.},
 title = {Genetic Algorithms for Multiobjective Optimization: FormulationDiscussion and Generalization},
 booktitle = {Proceedings of the 5th International Conference on Genetic Algorithms},
 year = {1993},
 isbn = {1-55860-299-2},
 pages = {416--423},
 numpages = {8},
 url = {http://dl.acm.org/citation.cfm?id=645513.657757},
 acmid = {657757},
 publisher = {Morgan Kaufmann Publishers Inc.},
 address = {San Francisco, CA, USA}
} 

@article{Fonseca1995,
 author = {Fonseca, Carlos M. and Fleming, Peter J.},
 title = {An overview of evolutionary algorithms in multiobjective optimization},
 journal = {Evol. Comput.},
 issue_date = {Spring 1995},
 volume = {3},
 number = {1},
 month = mar,
 year = {1995},
 issn = {1063-6560},
 pages = {1--16},
 numpages = {16},
 url = {http://dx.doi.org/10.1162/evco.1995.3.1.1},
 doi = {10.1162/evco.1995.3.1.1},
 acmid = {1326685},
 publisher = {MIT Press},
 address = {Cambridge, MA, USA},
 keywords = {evolutionary algorithms, fitness assignment, multiobjective optimization, search strategies}
} 

@ARTICLE{Fonseca650319, 
author={Fonseca, C.M. and Fleming, P.J.}, 
journal={Systems, Man and Cybernetics, Part A: Systems and Humans, IEEE Transactions on}, 
title={Multiobjective optimization and multiple constraint handling with evolutionary algorithms. I. A unified formulation}, 
year={1998}, 
volume={28}, 
number={1}, 
pages={26-37},  
doi={10.1109/3468.650319}, 
ISSN={1083-4427}
}

@INPROCEEDINGS{Horn350037, 
author={Horn, J. and Nafpliotis, N. and Goldberg, D.E.}, 
booktitle={Evolutionary Computation, 1994. IEEE World Congress on Computational Intelligence., Proceedings of the First IEEE Conference on}, 
title={A niched Pareto genetic algorithm for multiobjective optimization}, 
year={1994}, 
pages={82-87 vol.1}, 
keywords={genetic algorithms;operations research;optimisation;Niched Pareto GA;Pareto genetic algorithm;Pareto optimal set;genetic algorithm;multiobjective optimization;multiple objectives;niching pressure;optimization problems;Bioinformatics;Contracts;Costs;Genetic algorithms;Genomics;Internet;NASA;Pareto optimization;Sampling methods;Turning}, 
doi={10.1109/ICEC.1994.350037}
}

@INPROCEEDINGS{Goldberg91acomparative,
    author = {David E. Goldberg and Kalyanmoy Deb},
    title = {A comparative analysis of selection schemes used in genetic algorithms},
    booktitle = {Foundations of Genetic Algorithms},
    year = {1991},
    pages = {69--93},
    publisher = {Morgan Kaufmann}
}

@TECHREPORT{Horn93multiobjectiveoptimization,
    author = {Jeffrey Horn and Jeffrey Horn and Nicholas Nafpliotis and Nicholas Nafpliotis and David E. Goldberg},
    title = {Multiobjective Optimization Using the Niched Pareto Genetic Algorithm},
    institution = {},
    year = {1993}
}

@inproceedings{Shir2006,
 author = {Shir, Ofer M. and B\"{a}ck, Thomas},
 title = {Niche radius adaptation in the CMA-ES niching algorithm},
 booktitle = {Proceedings of the 9th international conference on Parallel Problem Solving from Nature},
 series = {PPSN'06},
 year = {2006},
 isbn = {3-540-38990-3, 978-3-540-38990-3},
 location = {Reykjavik, Iceland},
 pages = {142--151},
 numpages = {10},
 url = {http://dx.doi.org/10.1007/11844297_15},
 doi = {10.1007/11844297_15},
 acmid = {2079748},
 publisher = {Springer-Verlag},
 address = {Berlin, Heidelberg}
} 

@ARTICLE{Srinivas294849, 
author={Srinivas, M. and Patnaik, L.M.}, 
journal={Computer}, 
title={Genetic algorithms: a survey}, 
year={1994}, 
volume={27}, 
number={6}, 
pages={17-26}, 
keywords={genetic algorithms;reviews;search problems;deception;directed random searches;dynamics;genetic algorithms;modeling;optimization techniques;search processes;Genetic algorithms;Genetic mutations;Heuristic algorithms;Machine learning;Robustness;Search methods;Simulated annealing;Strategic planning;Technology planning;Very large scale integration}, 
doi={10.1109/2.294849}, 
ISSN={0018-9162}
}

@book{Holland:1992,
 author = {Holland, John H.},
 title = {Adaptation in natural and artificial systems},
 year = {1992},
 isbn = {0-262-58111-6},
 publisher = {MIT Press},
 address = {Cambridge, MA, USA}
} 


@INPROCEEDINGS{Koza485447, 
author={Koza, John R.}, 
booktitle={WESCON/'95. Conference record. 'Microelectronics Communications Technology Producing Quality Products Mobile and Portable Power Emerging Technologies'}, 
title={Survey of genetic algorithms and genetic programming}, 
year={1995}, 
pages={589-}, 
keywords={Algorithm design and analysis;Biological cells;Books;Chromosome mapping;Computer science;Genetic algorithms;Genetic mutations;Genetic programming;Lifting equipment;Multidimensional systems}, 
doi={10.1109/WESCON.1995.485447}, 
ISSN={1095-791X}
}

@book{nugent2008computerized,
  title={Computerized Patternmaking for Apparel Production},
  author={Nugent, L.},
  isbn={9781563676192},
  lccn={2008924283},
  url={http://books.google.co.uk/books?id=aLCEOgAACAAJ},
  year={2008},
  publisher={Bloomsbury Academic}
}

@book{de2008computational,
  title={Computational Geometry: Algorithms and Applications},
  author={de Berg, M. and Cheong, O. and van Kreveld, M.},
  isbn={9783540779735},
  lccn={2008921564},
  url={http://books.google.co.uk/books?id=tkyG8W2163YC},
  year={2008},
  publisher={Springer}
}

@article{Graham1972,
  abstract = {convex hull algorithm},
  added-at = {2012-07-13T11:58:22.000+0200},
  author = {Graham, Ronald L.},
  biburl = {http://www.bibsonomy.org/bibtex/2441a58f3efd4ed9b0e376fea0c4d58b5/jabreftest},
  file = {Graham1972.pdf:1972/Graham1972.pdf:PDF},
  groups = {public},
  interhash = {5619aba8afcdc4f5b2cf9c2f5337d3d9},
  intrahash = {441a58f3efd4ed9b0e376fea0c4d58b5},
  journal = {Inf. Process. Lett.},
  keywords = {jabref:noKeywordAssigned},
  number = 4,
  pages = {132-133},
  timestamp = {2012-07-13T11:58:22.000+0200},
  title = {An Efficient Algorithm for Determining the Convex Hull of a Finite Planar Set},
  username = {jabreftest},
  volume = 1,
  year = 1972
}


@book{jolliffe2002principal,
  title={Principal Component Analysis},
  author={Jolliffe, I.T.},
  isbn={9780387954424},
  lccn={2002019560},
  series={Springer Series in Statistics},
  url={http://books.google.co.uk/books?id=TtVF-ao4fI8C},
  year={2002},
  publisher={Springer}
}

@book{butcher2008numerical,
  title={Numerical Methods for Ordinary Differential Equations},
  author={Butcher, J.C.},
  isbn={9780470753750},
  url={http://books.google.co.uk/books?id=opd2NkBmMxsC},
  year={2008},
  publisher={Wiley}
}

@book{Butcher1987,
 author = {Butcher, J. C.},
 title = {The numerical analysis of ordinary differential equations: Runge-Kutta and general linear methods},
 year = {1987},
 isbn = {0-471-91046-5},
 publisher = {Wiley-Interscience},
 address = {New York, NY, USA}
} 

@inproceedings{Coppersmith1987,
 author = {Coppersmith, D. and Winograd, S.},
 title = {Matrix multiplication via arithmetic progressions},
 booktitle = {Proceedings of the nineteenth annual ACM symposium on Theory of computing},
 series = {STOC '87},
 year = {1987},
 isbn = {0-89791-221-7},
 location = {New York, New York, USA},
 pages = {1--6},
 numpages = {6},
 url = {http://doi.acm.org/10.1145/28395.28396},
 doi = {10.1145/28395.28396},
 acmid = {28396},
 publisher = {ACM},
 address = {New York, NY, USA}
} 

@book{hairer2010solving,
  title={Solving Ordinary Differential Equations II},
  author={Hairer, G.W.E.},
  isbn={9783642052224},
  url={http://books.google.co.uk/books?id=zZSv3acps1QC},
  year={2010},
  publisher={Springer Berlin Heidelberg}
}

@book{enns2000nonlinear,
  title={Nonlinear Physics With Maple for Scientists and Engineers},
  author={Enns, R.H. and McGuire, G.},
  isbn={9780817641191},
  lccn={99052748},
  url={http://books.google.co.uk/books?id=sJbVsRYbeMoC},
  year={2000},
  publisher={Springer}
}

@book{hundsdorfer2003numerical,
  title={Numerical Solution of Time-Dependent Advection-Diffusion-Reaction Equations},
  author={Hundsdorfer, W. and Verwer, J.G.},
  isbn={9783540034407},
  lccn={2007923466},
  series={Springer Series in Computational Mathematics},
  url={http://books.google.co.uk/books?id=WwB1hiqj8OkC},
  year={2003},
  publisher={Springer}
}

@book{jiang1998least,
  title={The Least-Squares Finite Element Method: Theory and Applications in Computational Fluid Dynamics and Electromagnetics},
  author={Jiang, B.},
  isbn={9783540639343},
  lccn={97051980},
  series={Lecture Notes in Mathematics},
  url={http://books.google.co.uk/books?id=bp1csE6-UBoC},
  year={1998},
  publisher={Springer}
}


@Book{ nlacat-vn853242,
author = { Clairaut, },
title = { Recherches sur les courbes a double courbure [microform] },
publisher = { Nyon, Didot, Quillau Paris },
pages = { [8], 119 p., VI folded leaves of plates : },
year = { 1731 },
type = { Book, Microform },
language = { French },
subjects = { Curves of double curvature. },
life-dates = { 1731 -  },
catalogue-url = { http://nla.gov.au/nla.cat-vn853242 }
}

@article{Serret1851,
author = {Serret, J.-A.},
journal = {Journal de Mathématiques Pures et Appliquées},
language = {fre},
pages = {193-207},
title = {Sur quelques formules relatives à la théorie des courbes à double courbure.},
url = {http://eudml.org/doc/235002},
year = {1851}
}

@book{kreyszig1991differential,
  title={Differential Geometry},
  author={Kreyszig, E.},
  isbn={9780486667218},
  lccn={lc91014321},
  series={Differential Geometry},
  url={http://books.google.co.uk/books?id=P73DrhE9F0QC},
  year={1991},
  publisher={Dover Publications}
}


@book{shoben1987pattern,
  title={Pattern Cutting and Making Up},
  author={Shoben, M.M. and Ward, J.},
  isbn={9780750603645},
  url={http://books.google.co.uk/books?id=G0KjmYdRwsUC},
  year={1987},
  publisher={Butterworth}
}

@book{stecker1996fashion,
  title={The Fashion Design Manual},
  author={Stecker, P.},
  isbn={9780732907167},
  lccn={97179485},
  url={http://books.google.co.uk/books?id=jGWWlVedQTQC},
  year={1996},
  publisher={Macmillan Education Australia}
}

@book{2007hand,
  title={Hand Book of Garments Manufacturing Technology},
  author={Staff, E.},
  isbn={9788189765026},
  url={http://books.google.co.uk/books?id=mLaOo6irOjAC},
  year={2007},
  publisher={Engineers India Research Institute}
}

@article{Chopp1993,
author = {Chopp, David L., Sethian, James A.},
journal = {Experimental Mathematics},
keywords = {motion of curves; geodesic curvature; Gaussian curvature},
language = {eng},
number = {4},
pages = {235-255},
publisher = {Taylor & Francis, Philadelphia},
title = {Flow under curvature: Singularity formation, minimal surfaces, and geodesics.},
url = {http://eudml.org/doc/227437},
volume = {2},
year = {1993}
}

@book{butterick1994butterick,
  title={Butterick's 1892 metropolitan fashions},
  author={Butterick},
  isbn={9780486279831},
  lccn={lc94013379},
  url={http://books.google.co.uk/books?id=d6xKAAAAYAAJ},
  year={1994},
  publisher={Dover Publications}
}


@book{cabrera1983classic,
  title={Classic Tailoring Techniques: A Construction Guide for Men's Wear},
  author={Cabrera, R. and Meyers, F.},
  isbn={9781870054317},
  url={http://books.google.co.uk/books?id=aO7YmgEACAAJ},
  year={1983},
  publisher={Fairchild Books}
}

@book{steele2005encyclopedia,
  title={Encyclopedia of clothing and fashion},
  author={Steele, V.},
  isbn={9780684313955},
  lccn={04010098},
  series={Scribner library of daily life},
  url={http://books.google.co.uk/books?id=zqkYAAAAIAAJ},
  year={2005},
  publisher={Charles Scribner's Sons}
}


@book{rosen2004patternmaking,
  title={Patternmaking: a comprehensive reference for fashion design},
  author={Rosen, S.},
  isbn={9780130221438},
  lccn={2002022431},
  series={Pearson Custom Library: Fashion Series},
  url={http://books.google.co.uk/books?id=ab\_WAAAAMAAJ},
  year={2004},
  publisher={Pearson Prentice Hall}
}

@book{noke1987history,
  title={History of the Patternmaking Department, Royal Melbourne Institute of Technology 1909-1985},
  author={Noke, J.L.},
  url={http://books.google.co.uk/books?id=YQU3NAAACAAJ},
  year={1987},
  publisher={R.M.I.T.}
}

@book{margolis1964complete,
  title={The complete book of tailoring},
  author={Margolis, A.P.},
  isbn={9780385111065},
  lccn={77082959},
  year={1964},
  publisher={Doubleday}
}

@book{2011practical,
  title={The Practical Work of Dressmaking and Tailoring: With Illustrations},
  author={M Prince Browne},
  isbn={9781175001399},
  url={http://books.google.co.uk/books?id=WZFNXwAACAAJ},
  year={2011},
  publisher={BiblioBazaar}
}

@InProceedings{Thomas2008,
author = {Thomas Stumpp, Jonas Spillmann, Markus Becker, Matthias Teschner},
title = {A Geometric Deformation Model for Stable Cloth Simulation},
booktitle = {Workshop on Virtual Reality Interaction and Physical Simulation, 2008},
year={2008}, 
}

@book{gupta2014anthropometry,
  title={Anthropometry, Apparel Sizing and Design},
  author={Gupta, D. and Zakaria, N.},
  isbn={9780857096814},
  series={Woodhead Publishing Series in Textiles},
  url={http://books.google.co.uk/books?id=6uGwMQEACAAJ},
  year={2014},
  publisher={Woodhead Publishing Limited}
}

@book{mehta2009human,
  title={Human Body Measurements: Concepts And Applications},
  author={Mehta, S.},
  isbn={9788120338630},
  url={http://books.google.co.uk/books?id=1kvJWssPmlwC},
  year={2009},
  publisher={Prentice-Hall Of India Pvt. Limited}
}

@book{norton1996anthropometrica,
  title={Anthropometrica: A Textbook of Body Measurement for Sports and Health Courses},
  author={Norton, K. and Olds, T. and Australian Sports Commission},
  isbn={9780868402239},
  lccn={96215434},
  url={http://books.google.co.uk/books?id=Bkk8FuB0P4IC},
  year={1996},
  publisher={UNSW Press}
}

@book{samaras2007human,
  title={Human Body Size and the Laws of Scaling: Physiological, Performance, Growth, Longevity and Ecological Ramifications},
  author={Samaras, T.T. and Bartke, A. and Rollo, C.D.},
  isbn={9781600214080},
  lccn={2006025818},
  series={Nova biomedical},
  url={http://books.google.co.uk/books?id=PCU0RwDI6c4C},
  year={2007},
  publisher={Nova Science Publishers}
}

@article{Hinds1991583,
title = "Pattern development for 3D surfaces ",
journal = "Computer-Aided Design ",
volume = "23",
number = "8",
pages = "583 - 592",
year = "1991",
note = "",
issn = "0010-4485",
doi = "http://dx.doi.org/10.1016/0010-4485(91)90060-A",
url = "http://www.sciencedirect.com/science/article/pii/001044859190060A",
author = "B.K. Hinds and J. McCartney and G. Woods",
keywords = "pattern development",
keywords = "Gaussian curvature "
}

@phdthesis{Rudomin1990,
 author = {Rudomin, Isaac J.},
 title = {Simulating cloth using a mixed geometric-physical method},
 year = {1990},
 note = {AAI9112615},
 publisher = {University of Pennsylvania},
 address = {Philadelphia, PA, USA}
} 

@article{Rohmer2010,
 author = {Rohmer, Damien and Popa, Tiberiu and Cani, Marie-Paule and Hahmann, Stefanie and Sheffer, Alla},
 title = {Animation wrinkling: augmenting coarse cloth simulations with realistic-looking wrinkles},
 journal = {ACM Trans. Graph.},
 issue_date = {December 2010},
 volume = {29},
 number = {6},
 month = dec,
 year = {2010},
 issn = {0730-0301},
 pages = {157:1--157:8},
 articleno = {157},
 numpages = {8},
 url = {http://doi.acm.org/10.1145/1882261.1866183},
 doi = {10.1145/1882261.1866183},
 acmid = {1866183},
 publisher = {ACM},
 address = {New York, NY, USA},
 keywords = {cloth, implicit modeling, mesh deformation, procedural animation, wrinkle modeling}
} 

@inproceedings{Hadap1999,
 author = {Hadap, Sunil and Bangerter, Endre and Volino, Pascal and Magnenat-Thalmann, Nadia},
 title = {Animating wrinkles on clothes},
 booktitle = {Proceedings of the conference on Visualization '99: celebrating ten years},
 series = {VIS '99},
 year = {1999},
 isbn = {0-7803-5897-X},
 location = {San Francisco, California, USA},
 pages = {175--182},
 numpages = {8},
 url = {http://dl.acm.org/citation.cfm?id=319351.319372},
 acmid = {319372},
 publisher = {IEEE Computer Society Press},
 address = {Los Alamitos, CA, USA},
 keywords = {cloth modeling, deformable models, wrinkle modeling}
} 

@inproceedings{Cutler2005,
 author = {Cutler, Lawrence D. and Gershbein, Reid and Wang, Xiaohuan Corina and Curtis, Cassidy and Maigret, Erwan and Prasso, Luca and Farson, Peter},
 title = {An art-directed wrinkle system for CG character clothing},
 booktitle = {Proceedings of the 2005 ACM SIGGRAPH/Eurographics symposium on Computer animation},
 series = {SCA '05},
 year = {2005},
 isbn = {1-59593-198-8},
 location = {Los Angeles, California},
 pages = {117--125},
 numpages = {9},
 url = {http://doi.acm.org/10.1145/1073368.1073384},
 doi = {10.1145/1073368.1073384},
 acmid = {1073384},
 publisher = {ACM},
 address = {New York, NY, USA}
} 


@article{Wang2010,
 author = {Wang, Huamin and Hecht, Florian and Ramamoorthi, Ravi and O'Brien, James},
 title = {Example-based wrinkle synthesis for clothing animation},
 journal = {ACM Trans. Graph.},
 issue_date = {July 2010},
 volume = {29},
 number = {4},
 month = jul,
 year = {2010},
 issn = {0730-0301},
 pages = {107:1--107:8},
 articleno = {107},
 numpages = {8},
 url = {http://doi.acm.org/10.1145/1778765.1778844},
 doi = {10.1145/1778765.1778844},
 acmid = {1778844},
 publisher = {ACM},
 address = {New York, NY, USA},
 keywords = {cloth simulation, clothing animation, example-based animation, precomputed animation, wrinkles}
} 


@article{Feng2010,
 author = {Feng, Wei-Wen and Yu, Yizhou and Kim, Byung-Uck},
 title = {A deformation transformer for real-time cloth animation},
 journal = {ACM Trans. Graph.},
 issue_date = {July 2010},
 volume = {29},
 number = {4},
 month = jul,
 year = {2010},
 issn = {0730-0301},
 pages = {108:1--108:9},
 articleno = {108},
 numpages = {9},
 url = {http://doi.acm.org/10.1145/1778765.1778845},
 doi = {10.1145/1778765.1778845},
 acmid = {1778845},
 publisher = {ACM},
 address = {New York, NY, USA},
 keywords = {collision, deformation transform, regression, skinning}
} 



@article{Popa2009,
  added-at = {2009-05-07T00:00:00.000+0200},
  author = {Popa, Tiberiu and Zhou, Q. and Bradley, D. and Kraevoy, Vladislav and Fu, H. and Sheffer, Alla and Heidrich, Wolfgang},
  biburl = {http://www.bibsonomy.org/bibtex/2116f86d9bf094ae0b96f189fb99a977d/dblp},
  date = {2009-05-07},
  description = {dblp},
  ee = {http://dx.doi.org/10.1111/j.1467-8659.2009.01382.x},
  interhash = {16059574e7d004975d642a917253cdae},
  intrahash = {116f86d9bf094ae0b96f189fb99a977d},
  journal = {Comput. Graph. Forum},
  keywords = {dblp},
  number = 2,
  pages = {427-435},
  timestamp = {2009-05-07T00:00:00.000+0200},
  title = {Wrinkling Captured Garments Using Space-Time Data-Driven Deformation.},
  url = {http://dblp.uni-trier.de/db/journals/cgf/cgf28.html#PopaZBKFSH09},
  volume = 28,
  year = 2009
}


@INPROCEEDINGS{Tsopelas,
    Author         = {Tsopelas, N.},
    Booktitle      = {Proc. 2nd Eurographics Workshop on Animation and Simulation},
    Pages          = {11--24},
    Title          = {Animating the Crumpling Behavior of Garments},
    Year           = {1991}
}

@article{Kunii1990,
 author = {Kunii, Tosiyasu L. and Gotoda, Hironobu},
 title = {Singularity theoretical modeling and animation of garment wrinkle formation processes},
 journal = {Vis. Comput.},
 issue_date = {Dec. 1990},
 volume = {6},
 number = {6},
 month = nov,
 year = {1990},
 issn = {0178-2789},
 pages = {326--336},
 numpages = {11},
 url = {http://dx.doi.org/10.1007/BF01901019},
 doi = {10.1007/BF01901019},
 acmid = {113037},
 publisher = {Springer-Verlag New York, Inc.},
 address = {Secaucus, NJ, USA}
} 


@inproceedings{Cal86,
  added-at = {2008-01-10T17:04:02.000+0100},
  address = {Oxford, England},
  author = {Calladine, Christopher R.},
  biburl = {http://www.bibsonomy.org/bibtex/250ab015f6bec94629ee6121cbbf2db21/jvrb_regulski},
  booktitle = {The Mathematics of Surfaces},
  interhash = {cd1fc69d53f54397d6fa2ca2240b2639},
  intrahash = {50ab015f6bec94629ee6121cbbf2db21},
  keywords = {3(2006)12},
  pages = {179-196},
  publisher = {Clarendon Press},
  timestamp = {2008-01-10T17:04:02.000+0100},
  title = {Gaussian Curvature and Shell Structures},
  year = 1986
}


@book{gorsline1993history,
  title={A History of Fashion: A Visual Survey of Costume from Ancient Times},
  author={Gorsline, D.W.},
  isbn={9780713474459},
  lccn={gb93044579},
  url={http://books.google.co.uk/books?id=qrjfAAAAMAAJ},
  year={1993},
  publisher={B.T. Batsford}
}


@inproceedings{Muller:2010,
 author = {M\"{u}ller, Matthias and Chentanez, Nuttapong},
 title = {Wrinkle meshes},
 booktitle = {Proceedings of the 2010 ACM SIGGRAPH/Eurographics Symposium on Computer Animation},
 series = {SCA '10},
 year = {2010},
 location = {Madrid, Spain},
 pages = {85--92},
 numpages = {8},
 url = {http://dl.acm.org/citation.cfm?id=1921427.1921441},
 acmid = {1921441},
 publisher = {Eurographics Association},
 address = {Aire-la-Ville, Switzerland, Switzerland}
} 

@inproceedings{Polthier:2006,
 author = {Polthier, Konrad and Schmies, Markus},
 title = {Straightest geodesics on polyhedral surfaces},
 booktitle = {ACM SIGGRAPH 2006 Courses},
 series = {SIGGRAPH '06},
 year = {2006},
 isbn = {1-59593-364-6},
 location = {Boston, Massachusetts},
 pages = {30--38},
 numpages = {9},
 url = {http://doi.acm.org/10.1145/1185657.1185664},
 doi = {10.1145/1185657.1185664},
 acmid = {1185664},
 publisher = {ACM},
 address = {New York, NY, USA}
} 

@book{aleksandrov1967intrinsic,
  title={Intrinsic geometry of surfaces},
  author={Aleksandrov, A.D. and Zalgaller, V.A.},
  lccn={lc66030492},
  series={Translations of mathematical monographs},
  url={http://books.google.co.uk/books?id=\_l3vAAAAMAAJ},
  year={1967},
  publisher={American Mathematical Society}
}


@article{Terzopoulos1987,
 author = {Terzopoulos, Demetri and Platt, John and Barr, Alan and Fleischer, Kurt},
 title = {Elastically deformable models},
 journal = {SIGGRAPH Comput. Graph.},
 issue_date = {July 1987},
 volume = {21},
 number = {4},
 month = aug,
 year = {1987},
 issn = {0097-8930},
 pages = {205--214},
 numpages = {10},
 url = {http://doi.acm.org/10.1145/37402.37427},
 doi = {10.1145/37402.37427},
 acmid = {37427},
 publisher = {ACM},
 address = {New York, NY, USA}
} 

@article{Volino2009,
 author = {Volino, Pascal and Magnenat-Thalmann, Nadia and Faure, Francois},
 title = {A simple approach to nonlinear tensile stiffness for accurate cloth simulation},
 journal = {ACM Trans. Graph.},
 issue_date = {August 2009},
 volume = {28},
 number = {4},
 month = sep,
 year = {2009},
 issn = {0730-0301},
 pages = {105:1--105:16},
 articleno = {105},
 numpages = {16},
 url = {http://doi.acm.org/10.1145/1559755.1559762},
 doi = {10.1145/1559755.1559762},
 acmid = {1559762},
 publisher = {ACM},
 address = {New York, NY, USA},
 keywords = {Particle systems, cloth simulation, finite elements, mechanical simulation}
} 

@article{Kaldor2010,
 author = {Kaldor, Jonathan M. and James, Doug L. and Marschner, Steve},
 title = {Efficient yarn-based cloth with adaptive contact linearization},
 journal = {ACM Trans. Graph.},
 issue_date = {July 2010},
 volume = {29},
 number = {4},
 month = jul,
 year = {2010},
 issn = {0730-0301},
 pages = {105:1--105:10},
 articleno = {105},
 numpages = {10},
 url = {http://doi.acm.org/10.1145/1778765.1778842},
 doi = {10.1145/1778765.1778842},
 acmid = {1778842},
 publisher = {ACM},
 address = {New York, NY, USA},
 keywords = {adaptive, cloth, contact, corotational, knitted, yarn}
} 


@article{Volino2005,
author = {P. Volino and N. Magnenat-Thalmann},
title = {Accurate Garment Prototyping and Simulation},
journal = {Computer-Aided Design I\& Applications},
publisher = {CAD Solutions},
volume = {2},
number = {5},
pages = {645-654},
year = {2005}
}

@inproceedings{Muller:2004,
 author = {Muller, Matthias and Teschner, Matthias and Gross, Markus},
 title = {Physically-Based Simulation of Objects Represented by Surface Meshes},
 booktitle = {Proceedings of the Computer Graphics International},
 series = {CGI '04},
 year = {2004},
 isbn = {0-7695-2171-1},
 pages = {26--33},
 numpages = {8},
 url = {http://dx.doi.org/10.1109/CGI.2004.75},
 doi = {10.1109/CGI.2004.75},
 acmid = {1009573},
 publisher = {IEEE Computer Society},
 address = {Washington, DC, USA},
 keywords = {Physically Based Animation, Finite Element Method, Deformation, Fracture}
} 

@article{Chen:2010,
 author = {Chen, Ming and Tang, Kai},
 title = {A fully geometric approach for developable cloth deformation simulation},
 journal = {Vis. Comput.},
 issue_date = {June 2010},
 volume = {26},
 number = {6-8},
 month = jun,
 year = {2010},
 issn = {0178-2789},
 pages = {853--863},
 numpages = {11},
 url = {http://dx.doi.org/10.1007/s00371-010-0467-5},
 doi = {10.1007/s00371-010-0467-5},
 acmid = {1821935},
 publisher = {Springer-Verlag New York, Inc.},
 address = {Secaucus, NJ, USA},
 keywords = {Cloth simulation, Collision, Mesh deformation}
} 

@INPROCEEDINGS{Etzmuss2003, 
author={Etzmuss, O. and Keckeisen, M. and Strasser, W.}, 
booktitle={Computer Graphics and Applications, 2003. Proceedings. 11th Pacific Conference on}, 
title={A fast finite element solution for cloth modelling}, 
year={2003}, 
pages={244-251}, 
keywords={CAD;clothing;computer animation;finite element analysis;textiles;viscoelasticity;CAD cloth patterns;cloth animation;fast finite element;garment simulation;viscoelastic element;Animation;Assembly;Clothing;Elasticity;Finite element methods;Layout;Material properties;Nonlinear equations;Textiles;Viscosity}, 
doi={10.1109/PCCGA.2003.1238266},}

@article{Fontana2006,
title = "A CAD-oriented cloth simulation system with stable and efficient \{ODE\} solution ",
journal = "Computers  Graphics ",
volume = "30",
number = "3",
pages = "391 - 406",
year = "2006",
note = "",
issn = "0097-8493",
author = "Marzia Fontana and Caterina Rizzi and Umberto Cugini",
keywords = "Cloth modelling",
keywords = "Apparel design",
keywords = "Particle-based modelling",
keywords = "\{ODE\} solution",
keywords = "Virtual simulation "
}


@article{Fuhrmann200371,
title = "Interaction-free dressing of virtual humans ",
journal = "Computer  Graphics ",
volume = "27",
number = "1",
pages = "71 - 82",
year = "2003",
note = "",
issn = "0097-8493",
doi = "http://dx.doi.org/10.1016/S0097-8493(02)00245-5",
url = "http://www.sciencedirect.com/science/article/pii/S0097849302002455",
author = "Arnulph Fuhrmann and Clemens Groß and Volker Luckas and Andreas Weber",
keywords = "Cloth modeling",
keywords = "Physically based modeling",
keywords = "Optimization for animation "
}

@article{Kim2013,
  note = {Proceedings of ACM SIGGRAPH 2013, Anaheim},
  title = {Near-exhaustive Precomputation of Secondary Cloth Effects},
  journal = {ACM Transactions on Graphics},
  author = {Doyub Kim and Woojong Koh and Rahul Narain and Kayvon Fatahalian and Adrien Treuille and James F. O'Brien},
  number = 4,
  month = jul,
  volume = 32,
  year = 2013,
  pages = {xxx:1--7},
  url = {http://graphics.berkeley.edu/papers/Kim-NEP-2013-07/},
}

@article{Weil:1986,
 author = {Weil, Jerry},
 title = {The synthesis of cloth objects},
 journal = {SIGGRAPH Comput. Graph.},
 issue_date = {Aug. 1986},
 volume = {20},
 number = {4},
 month = aug,
 year = {1986},
 issn = {0097-8930},
 pages = {49--54},
 numpages = {6},
 url = {http://doi.acm.org/10.1145/15886.15891},
 doi = {10.1145/15886.15891},
 acmid = {15891},
 publisher = {ACM},
 address = {New York, NY, USA}
} 


@inproceedings{agui1990,
   author      = {T. Agui, Y. Nagao, and M. Nakajima},
   review      = {REVIEWED},
   status      = {PUBLISHED},
   title       = {An expression method of cylindrical cloth objects-an expression of folds of a sleeve using computer graphics},
   year        = {1990}
}


@article{Miller:1991,
 author = {Miller, James V. and Breen, David E. and Lorensen, William E. and O'Bara, Robert M. and Wozny, Michael J.},
 title = {Geometrically deformed models: a method for extracting closed geometric models form volume data},
 journal = {SIGGRAPH Comput. Graph.},
 issue_date = {July 1991},
 volume = {25},
 number = {4},
 month = jul,
 year = {1991},
 issn = {0097-8930},
 pages = {217--226},
 numpages = {10},
 url = {http://doi.acm.org/10.1145/127719.122742},
 doi = {10.1145/127719.122742},
 acmid = {122742},
 publisher = {ACM},
 address = {New York, NY, USA},
 keywords = {constraint minimization, deformable models, geometric modelling, volume modelling, volume visualization}
} 

@article{Hinds1990,
year={1990},
issn={0178-2789},
journal={The Visual Computer},
volume={6},
number={2},
doi={10.1007/BF01901066},
title={Interactive garment design},
url={http://dx.doi.org/10.1007/BF01901066},
publisher={Springer-Verlag},
keywords={Garment design; Interactive three-dimensional design},
author={Hinds, B.K. and McCartney, J.},
pages={53-61},
language={English}
}

@article{Cavazza1998,
 author = {Cavazza, Marc and Earnshaw, Rae and Magnenat-Thalmann, Nadia and Thalmann, Daniel},
 title = {Motion Control of Virtual Humans},
 journal = {IEEE Comput. Graph. Appl.},
 issue_date = {September 1998},
 volume = {18},
 number = {5},
 month = sep,
 year = {1998},
 issn = {0272-1716},
 pages = {24--31},
 numpages = {8},
 url = {http://dx.doi.org/10.1109/38.708558},
 doi = {10.1109/38.708558},
 acmid = {618559},
 publisher = {IEEE Computer Society Press},
 address = {Los Alamitos, CA, USA}
} 

@article{Magnenat-Thalmann:1991,
 author = {Magnenat-Thalmann, Nadia and Thalmann, Daniel},
 title = {Complex Models for Animating Synthetic Actors},
 journal = {IEEE Comput. Graph. Appl.},
 issue_date = {September 1991},
 volume = {11},
 number = {5},
 month = sep,
 year = {1991},
 issn = {0272-1716},
 pages = {32--44},
 numpages = {13},
 url = {http://dx.doi.org/10.1109/38.90566},
 doi = {10.1109/38.90566},
 acmid = {617690},
 publisher = {IEEE Computer Society Press},
 address = {Los Alamitos, CA, USA}
} 

@inproceedings{Thalmann:1992,
   affiliation = {EPFL},
   author      = {Thalmann, D},
   booktitle   = {Proc. Virtual {R}eality {S}ystems, {B}ritish {C}omputer {S}ociety},
   details     = {http://infoscience.epfl.ch/record/102445},
   documenturl = {http://infoscience.epfl.ch/record/102445/files/Thalmann_VRS_92.pdf},
   location    = {London, UK},
   oai-id      = {oai:infoscience.epfl.ch:102445},
   oai-set     = {conf},
   review      = {REVIEWED},
   status      = {PUBLISHED},
   title       = {Using {V}irtual {R}eality {T}echniques in the {A}nimation {P}rocess},
   unit        = {VRLAB},
   year        = 1992
}

@inproceedings{Badler:1997,
 author = {Badler, Norman},
 title = {Virtual Humans for Animation, Ergonomics, and Simulation},
 booktitle = {Proceedings of the 1997 IEEE Workshop on Motion of Non-Rigid and Articulated Objects (NAM '97)},
 series = {NAM '97},
 year = {1997},
 isbn = {0-8186-8040-7},
 pages = {28--},
 url = {http://dl.acm.org/citation.cfm?id=523987.883064},
 acmid = {883064},
 publisher = {IEEE Computer Society},
 address = {Washington, DC, USA}
} 

@book{armstrong2000,
  title={Patternmaking: for fashion design},
  author={Armstrong, Helen Joseph.},
  editor={Armstrong, Helen Joseph.},
  isbn={9780321034236},
  lccn={94039388},
  url={http://books.google.co.uk/books?id=Y94LAQAAMAAJ},
  year={2000},
  publisher={Pearson Prentice Hall}
}

@article{Kittler2003,
title = "Molecular Evolution of Pediculus humanus and the Origin of Clothing ",
journal = "Current Biology ",
volume = "13",
number = "16",
pages = "1414 - 1417",
year = "2003",
note = "",
issn = "0960-9822",
doi = "http://dx.doi.org/10.1016/S0960-9822(03)00507-4",
url = "http://www.sciencedirect.com/science/article/pii/S0960982203005074",
author = "Ralf Kittler and Manfred Kayser and Mark Stoneking"
}

@article{Toups2011,
title = "Origin of Clothing Lice Indicates Early Clothing Use by Anatomically Modern Humans in Africa ",
journal = "Oxford Journals ",
volume = "28",
number = "1",
pages = "29 - 32",
year = "2011",
note = "",
issn = "0960-9822",
author = "Melissa A.Toups and David Reed and Andrew Kitchen and Jessica E. Light"
}

@article{Harms1938,
     title = {The Psychology of Clothes},
     author = {Harms, Ernst},
     journal = {American Journal of Sociology},
     volume = {44},
     number = {2},
     jstor_formatteddate = {Sep., 1938},
     pages = {pp. 239-250},
     url = {http://www.jstor.org/stable/2768730},
     ISSN = {00029602},
     language = {English},
     year = {1938},
     publisher = {The University of Chicago Press},
     copyright = {Copyright © 1938 The University of Chicago Press},
    }
    
@book{tanner_history_1981,
	title = {A History of the Study of Human Growth},
	isbn = {9780521224888},
	lccn = {lc80040485},
	url = {http://books.google.co.uk/books?id=EJjP2UX1tLAC},
	publisher = {Cambridge University Press},
	author = {Tanner, {J.M.}},
	editor = {},
	year = {1981}
}    

@book{pheasant2006bodyspace,
  title={Bodyspace: Anthropometry, Ergonomics, And The Design Of Work},
  author={Pheasant, S.T. and Haslegrave, C.M.},
  editor={Pheasant, S.T. and Haslegrave, C.M.},
  isbn={9780415285209},
  lccn={2005002712},
  url={http://books.google.co.uk/books?id=nwfvSbuyBdMC},
  year={2006},
  publisher={Taylor \& Francis/CRC Press}
}

@book{selin2008encyclopaedia,
  title={Encyclopaedia of the History of Science, Technology, and Medicine in Non-Western Cultures},
  author={Selin, H.},
  editor={},
  isbn={9781402045592},
  series={Springer Reference Series},
  url={http://books.google.co.uk/books?id=kt9DIY1g9HYC},
  year={2008},
  publisher={Springer}
}


@book{robins1994proportion,
  title={Proportion and Style in Ancient Egyptian Art},
  author={Robins, G. and Fowler, A.S.},
  editor={},
  isbn={9780292770645},
  lccn={93000065},
  url={http://books.google.co.uk/books?id=Y5x17DBAsCwC},
  year={1994},
  publisher={University of Texas Press}
}

@book{pollio1914ten,
  title={The Ten Books on Architecture},
  author={Pollio, V. and Morgan, M.H. and Warren, H.L.},
  editor={},
  url={http://books.google.co.uk/books?id=La4aAAAAYAAJ},
  year={1914},
  publisher={Harvard University Press}
}

@article{Marcus2002,
year={2002},
issn={1590-5896},
journal={Nexus Network Journal},
volume={4},
number={1},
doi={10.1007/s00004-001-0002-0},
title={The Golden Section in Architectural Theory},
url={http://dx.doi.org/10.1007/s00004-001-0002-0},
publisher={Birkhäuser-Verlag},
keywords={Marcus Frings; Golden Section; Vitruvius; Euclid; Luca Pacioli; Leon Battista Alberti; Sebastiano Serlio; Filarete; Francesco di Giorgio Martini; Albrecht Durer; Adolf Zeising; Gustav Theodor Fechner; Ernst Neufert; Le Corbusier; The Modulor},
author={Frings, Marcus},
pages={9-32},
language={English}
}

@article{Rudolf1955,
    jstor_articletype = {research-article},
    title = {A Review of Proportion},
    author = {Arnheim, Rudolf},
    journal = {The Journal of Aesthetics and Art Criticism},
    jstor_issuetitle = {},
    volume = {14},
    number = {1},
    jstor_formatteddate = {Sep., 1955},
    pages = {pp. 44-57},
    url = {http://www.jstor.org/stable/426640},
    ISSN = {00218529},
    abstract = {},
    language = {English},
    year = {1955},
    publisher = {Wiley on behalf of The American Society for Aesthetics},
    copyright = {Copyright © 1955 The American Society for Aesthetics},
}

@book{stemp2006secret,
  title={The Secret Language of the Renaissance: Decoding the Hidden Symbolism of Italian Art},
  author={Stemp, R.},
  editor={},
  isbn={9781844833221},
  url={http://books.google.co.uk/books?id=s3AjcoLfYMsC},
  year={2006},
  publisher={Duncan Baird Publishers}
}


@article{Schott19921518,
title = "The extent of man from Vitruvius to Marfan ",
journal = "The Lancet ",
volume = "340",
pages = "1518 - 1520",
year = "1992",
note = "",
issn = "0140-6736",
doi = "http://dx.doi.org/10.1016/0140-6736(92)92767-A",
url = "http://www.sciencedirect.com/science/article/pii/014067369292767A",
author = "G.D. Schott"
}

@book{quetelet2011anthropométrie,
  title={Anthropom{\'e}trie Ou Mesure Des Diff{\'e}rentes Facult{\'e}s de L'Homme},
  author={Quetelet, A.},
  editor={},
  isbn={9781179114859},
  url={http://books.google.co.uk/books?id=qWP8ygAACAAJ},
  year={2011},
  publisher={BiblioBazaar}
}

@book{sebesta2001world,
  title={The World of Roman Costume},
  author={Sebesta, J.L. and Bonfante, L.},
  isbn={9780299138547},
  lccn={93012709},
  series={Wisconsin Studies in Classics},
  url={http://books.google.co.uk/books?id=GxGPLju4KEkC},
  year={2001},
  publisher={University of Wisconsin Press}
}


@InCollection{Spears1991,
year={1991},
isbn={978-3-540-54563-7},
booktitle={Methodologies for Intelligent Systems},
volume={542},
series={Lecture Notes in Computer Science},
editor={Ras, Z.W. and Zemankova, M.},
doi={10.1007/3-540-54563-8_104},
title={A study of crossover operators in genetic programming},
url={http://dx.doi.org/10.1007/3-540-54563-8_104},
publisher={Springer Berlin Heidelberg},
author={Spears, WilliamM. and Anand, Vic},
pages={409-418}
}

@book{gwiazda2006crossover,
  title={Crossover for single-objective numerical optimization problems},
  author={Gwiazda, T.D.},
  isbn={9788392395812},
  series={Genetic algorithms reference},
  url={http://books.google.co.uk/books?id=wV68jqT-YJ4C},
  year={2006},
  publisher={TOMASZGWIAZDA E-BOOKS}
}

@article{ThielhelmVBW12,
  added-at = {2012-05-23T00:00:00.000+0200},
  author = {Thielhelm, Hannes and Vais, Alexander and Brandes, Daniel and Wolter, Franz-Erich},
  biburl = {http://www.bibsonomy.org/bibtex/21bcea122c84e28786400c3d8d713d9dd/dblp},
  ee = {http://dx.doi.org/10.1007/s00371-012-0681-4},
  interhash = {62c1634d50ed098bd5fa251b80d29c37},
  intrahash = {1bcea122c84e28786400c3d8d713d9dd},
  journal = {The Visual Computer},
  keywords = {dblp},
  number = {6-8},
  pages = {529-539},
  timestamp = {2012-05-23T00:00:00.000+0200},
  title = {Connecting geodesics on smooth surfaces.},
  url = {http://dblp.uni-trier.de/db/journals/vc/vc28.html#ThielhelmVBW12},
  volume = 28,
  year = 2012
}



@book{ghosh2003advances,
  title={Advances in Evolutionary Computing: Theory and Applications},
  author={Ghosh, A. and Tsutsui, S.},
  isbn={9783540433309},
  lccn={2002029164},
  series={Natural Computing Series},
  url={http://books.google.co.uk/books?id=OGMEMC9P3vMC},
  year={2003},
  publisher={Springer}
}


@book{xiong2000,
  title={ World Classical fashion Design and Pattern},
  author={Xiong, Neng},
  isbn={9787807496618},
  year={2008},
  publisher={Jiangxi Art Press}
}

@online{McManus2003,
author={McManus,Barbara F. },
editor={},
title = {ROMAN CLOTHING: WOMEN},
year = {2003},
url = {http://www.vroma.org/~bmcmanus/clothing2.html},
}

@book{macdonald2009principles,
  title={Principles of Flat Pattern Design 4th Edition},
  author={MacDonald, Nora M.},
  editor={},
  isbn={9781563678516},
  lccn={2008939617},
  url={http://books.google.co.uk/books?id=jL-mPgAACAAJ},
  year={2009},
  publisher={Bloomsbury Academic}
}

@article{Caroline1996,
     title = {The Myth of the Toga: Understanding the History of Roman Dress},
     author = {Vout, Caroline},
     journal = {Greece \& Rome},
     volume = {43},
     number = {2},
     series = {Second Series},
     jstor_formatteddate = {Oct., 1996},
     pages = {pp. 204-220},
     url = {http://www.jstor.org/stable/643096},
     ISSN = {00173835},
     abstract = {},
     language = {English},
     year = {1996},
     publisher = {Cambridge University Press on behalf of The Classical Association},
}

@article{Schofield01012005,
author = {Schofield, Nancy A. and LaBat, Karen L.}, 
title = {Exploring the Relationships of Grading, Sizing, and Anthropometric Data},
volume = {23}, 
number = {1}, 
pages = {13-27}, 
year = {2005}, 
doi = {10.1177/0887302X0502300102},  
URL = {http://ctr.sagepub.com/content/23/1/13.abstract}, 
eprint = {http://ctr.sagepub.com/content/23/1/13.full.pdf+html}, 
journal = {Clothing and Textiles Research Journal} 
}

@Article{dijkstra59a,
  author =	 {Edsger W. Dijkstra},
  title =	 {A note on two problems in connexion with graphs},
  journal =	 {Numerische Mathematik},
  year =	 {1959},
  volume =	 {1},
  pages =	 {269--271},
  url = 	 {http://jmvidal.cse.sc.edu/library/dijkstra59a.pdf},
  cluster = 	 {531581949522259482},
  keywords = 	 {distributed algorithms}
}

@inproceedings{Sharir:1984,
 author = {Sharir, Micha and Schorr, Amir},
 title = {On shortest paths in polyhedral spaces},
 booktitle = {Proceedings of the sixteenth annual ACM symposium on Theory of computing},
 series = {STOC '84},
 year = {1984},
 isbn = {0-89791-133-4},
 pages = {144--153},
 numpages = {10},
 url = {http://doi.acm.org/10.1145/800057.808676},
 doi = {10.1145/800057.808676},
 acmid = {808676},
 publisher = {ACM},
 address = {New York, NY, USA}
} 

@article{Mitchell,
 author = {Mitchell, Joseph S. B. and Mount, David M. and Papadimitriou, Christos H.},
 title = {The discrete geodesic problem},
 journal = {SIAM J. Comput.},
 issue_date = {Aug. 1987},
 volume = {16},
 number = {4},
 month = aug,
 year = {1987},
 issn = {0097-5397},
 pages = {647--668},
 numpages = {22},
 url = {http://dx.doi.org/10.1137/0216045},
 doi = {10.1137/0216045},
 acmid = {33372},
 publisher = {Society for Industrial and Applied Mathematics},
 address = {Philadelphia, PA, USA}
} 

@inproceedings{Chen:1990,
 author = {Chen, Jindong and Han, Yijie},
 title = {Shortest paths on a polyhedron},
 booktitle = {Proceedings of the sixth annual symposium on Computational geometry},
 series = {SCG '90},
 year = {1990},
 isbn = {0-89791-362-0},
 location = {Berkley, California, USA},
 pages = {360--369},
 numpages = {10},
 url = {http://doi.acm.org/10.1145/98524.98601},
 doi = {10.1145/98524.98601},
 acmid = {98601},
 publisher = {ACM},
 address = {New York, NY, USA}
} 

@inproceedings{Lanthier:1997,
 author = {Lanthier, Mark and Maheshwari, Anil and Sack, J\"{o}rg-R\"{u}diger},
 title = {Approximating weighted shortest paths on polyhedral surfaces},
 booktitle = {Proceedings of the thirteenth annual symposium on Computational geometry},
 series = {SCG '97},
 year = {1997},
 isbn = {0-89791-878-9},
 location = {Nice, France},
 pages = {485--486},
 numpages = {2},
 url = {http://doi.acm.org/10.1145/262839.263101},
 doi = {10.1145/262839.263101},
 acmid = {263101},
 publisher = {ACM},
 address = {New York, NY, USA}
} 

@article{Floater1998,
year={1998},
issn={0006-3835},
journal={BIT Numerical Mathematics},
volume={38},
number={4},
doi={10.1007/BF02510410},
title={Thinning algorithms for scattered data interpolation},
url={http://dx.doi.org/10.1007/BF02510410},
publisher={Kluwer Academic Publishers},
keywords={41A15; 65D05; 65D07; Multistep interpolation; scattered data; thinning},
author={Floater, Michael S. and Iske, Armin},
pages={705-720},
language={English}
}

@ARTICLE{Chunlin5226631, 
author={Chunlin Wu and Xuecheng Tai}, 
journal={Visualization and Computer Graphics, IEEE Transactions on}, 
title={A Level Set Formulation of Geodesic Curvature Flow on Simplicial Surfaces}, 
year={2010}, 
volume={16}, 
number={4}, 
pages={647-662}, 
doi={10.1109/TVCG.2009.103}, 
ISSN={1077-2626}
}

@INPROCEEDINGS{Spira02geodesiccurvature,
    author = {Alon Spira and Ron Kimmel},
    title = {Geodesic Curvature Flow on Parametric Surfaces},
    booktitle = {In Curve and Surface Design: Saint-Malo 2002},
    year = {2002},
    pages = {365--373}
}

@book{sethian1999level,
  title={Level Set Methods and Fast Marching Methods: Evolving Interfaces in Computational Geometry, Fluid Mechanics, Computer Vision, and Materials Science},
  author={Sethian, J.A.},
  isbn={9780521645577},
  lccn={98040859},
  series={Cambridge Monographs on Applied and Computational Mathematics},
  url={http://books.google.co.uk/books?id=ErpOoynE4dIC},
  year={1999},
  publisher={Cambridge University Press}
}

@article{Hershberger:1999,
 author = {Hershberger, John and Suri, Subhash},
 title = {An Optimal Algorithm for Euclidean Shortest Paths in the Plane},
 journal = {SIAM J. Comput.},
 issue_date = {Dec. 1999},
 volume = {28},
 number = {6},
 month = aug,
 year = {1999},
 issn = {0097-5397},
 pages = {2215--2256},
 numpages = {42},
 url = {http://dx.doi.org/10.1137/S0097539795289604},
 doi = {10.1137/S0097539795289604},
 acmid = {323346},
 publisher = {Society for Industrial and Applied Mathematics},
 address = {Philadelphia, PA, USA},
 keywords = {Euclidean distance, obstacle avoidance, planar subdivision, quad-tree, shortest path, shortest path map, weighted distance}
} 

@inproceedings{Kapoor:1999,
 author = {Kapoor, Sanjiv},
 title = {Efficient computation of geodesic shortest paths},
 booktitle = {Proceedings of the thirty-first annual ACM symposium on Theory of computing},
 series = {STOC '99},
 year = {1999},
 isbn = {1-58113-067-8},
 location = {Atlanta, Georgia, USA},
 pages = {770--779},
 numpages = {10},
 url = {http://doi.acm.org/10.1145/301250.301449},
 doi = {10.1145/301250.301449},
 acmid = {301449},
 publisher = {ACM},
 address = {New York, NY, USA}
} 

@book{kaneva2000implementation,
  title={An Implementation of Chen \& Han's Shortest Paths Algorithm},
  author={Kaneva, B.K.},
  url={http://books.google.co.uk/books?id=e4k9NwAACAAJ},
  year={2000},
  publisher={Smith College, Northampton, Mass.}
}

@article{ahk-caspcp-02,
  author =       {P.K.~Agarwal and S.~Har-Peled and M.~Karia},
  title =        {Computing Approximate Shortest Paths on Convex Polytopes},
  year =         {2002},
  journal =      {ALGORITHMICA},
  pages =        {227--242},
  volume =       {33},
  number =       {2}
}

@inproceedings{Frisken:2000,
 author = {Frisken, Sarah F. and Perry, Ronald N. and Rockwood, Alyn P. and Jones, Thouis R.},
 title = {Adaptively sampled distance fields: a general representation of shape for computer graphics},
 booktitle = {Proceedings of the 27th annual conference on Computer graphics and interactive techniques},
 series = {SIGGRAPH '00},
 year = {2000},
 isbn = {1-58113-208-5},
 pages = {249--254},
 numpages = {6},
 url = {http://dx.doi.org/10.1145/344779.344899},
 doi = {10.1145/344779.344899},
 acmid = {344899},
 publisher = {ACM Press/Addison-Wesley Publishing Co.},
 address = {New York, NY, USA},
 keywords = {carving, distance fields, graphics, implicit surfaces, level of detail, rendering, volume modeling, volume rendering}
} 

@inproceedings{Kanai:2000,
 author = {Kanai, Takashi and Suzuki, Hiromasa},
 title = {Approximate Shortest Path on Polyhedral Surface Based on Selective Refinement of the Discrete Graph and Its Applications},
 booktitle = {Proceedings of the Geometric Modeling and Processing 2000},
 series = {GMP '00},
 year = {2000},
 isbn = {0-7695-0562-7},
 pages = {241--},
 url = {http://dl.acm.org/citation.cfm?id=795680.797431},
 acmid = {797431},
 publisher = {IEEE Computer Society},
 address = {Washington, DC, USA},
 keywords = {geometric modeling, computational geometry, polyhedral surface, shortest path, Dijkstra's algorithm}
} 


@article{Jean724716,
author = {Jean-daniel Boissonnat and Frédéric Cazals},
title = {{Coarse-to-fine surface simplification with geometric guarantees}},
journal = {Computer Graphics Forum},
volume = {20},
year = {2001},
pages = {490--499},
issue = {3},
doi = {10.1111/1467-8659.00542},
masid = {724716}
}

@article{Mémoli2001730,
title = "Fast Computation of Weighted Distance Functions and Geodesics on Implicit Hyper-Surfaces ",
journal = "Journal of Computational Physics ",
volume = "173",
number = "2",
pages = "730 - 764",
year = "2001",
note = "",
issn = "0021-9991",
doi = "http://dx.doi.org/10.1006/jcph.2001.6910",
url = "http://www.sciencedirect.com/science/article/pii/S0021999101969104",
author = "Facundo Mémoli and Guillermo Sapiro"
}

@inproceedings{Pauly:2002:ESP:602099.602123,
 author = {Pauly, Mark and Gross, Markus and Kobbelt, Leif P.},
 title = {Efficient simplification of point-sampled surfaces},
 booktitle = {Proceedings of the conference on Visualization '02},
 series = {VIS '02},
 year = {2002},
 isbn = {0-7803-7498-3},
 location = {Boston, Massachusetts},
 pages = {163--170},
 numpages = {8},
 url = {http://dl.acm.org/citation.cfm?id=602099.602123},
 acmid = {602123},
 publisher = {IEEE Computer Society},
 address = {Washington, DC, USA}
} 

@article{Dyn:2002:ATB:636261.636279,
 author = {Dyn, N. and Floater, M. S. and Iske, A.},
 title = {Adaptive thinning for bivariate scattered data},
 journal = {J. Comput. Appl. Math.},
 issue_date = {August 2002},
 volume = {145},
 number = {2},
 month = aug,
 year = {2002},
 issn = {0377-0427},
 pages = {505--517},
 numpages = {13},
 url = {http://dx.doi.org/10.1016/S0377-0427(02)00352-7},
 doi = {10.1016/S0377-0427(02)00352-7},
 acmid = {636279},
 publisher = {Elsevier Science Publishers B. V.},
 address = {Amsterdam, The Netherlands, The Netherlands},
 keywords = {adaptive data reduction, bivariate scattered data, piecewise linear approximation, simplification, thinning, triangulation}
} 

@article{Katz:2003:HMD:882262.882369,
 author = {Katz, Sagi and Tal, Ayellet},
 title = {Hierarchical mesh decomposition using fuzzy clustering and cuts},
 journal = {ACM Trans. Graph.},
 issue_date = {July 2003},
 volume = {22},
 number = {3},
 month = jul,
 year = {2003},
 issn = {0730-0301},
 pages = {954--961},
 numpages = {8},
 url = {http://doi.acm.org/10.1145/882262.882369},
 doi = {10.1145/882262.882369},
 acmid = {882369},
 publisher = {ACM},
 address = {New York, NY, USA},
 keywords = {control-skeleton extraction, mesh decomposition, mesh segmentation}
} 

@article{Arya:1998,
title = "An optimal algorithm for approximate nearest neighbor searching fixed dimensions",
author = "Arya, Sunil and Mount, David M. and Netanyahu, Nathan S. and Silverman, Ruth and Wu, Angela Y.",
journal = "J. ACM",
issue_date = "Nov. 1998",
volume = "45",
number = "6",
month = nov,
year = "1998",
issn = "0004-5411",
pages = "891--923",
publisher = "ACM",
address = "New York, NY, USA",
keywords = "approximation algorithms, box-decomposition trees, closet-point queries, nearest neighbor searching, post-office problem, priority search"
}

@article{Aleksandrov:2005,
 author = {Aleksandrov, L. and Maheshwari, A. and Sack, J.-R.},
 title = {Determining approximate shortest paths on weighted polyhedral surfaces},
 journal = {J. ACM},
 issue_date = {January 2005},
 volume = {52},
 number = {1},
 month = jan,
 year = {2005},
 issn = {0004-5411},
 pages = {25--53},
 numpages = {29},
 url = {http://doi.acm.org/10.1145/1044731.1044733},
 doi = {10.1145/1044731.1044733},
 acmid = {1044733},
 publisher = {ACM},
 address = {New York, NY, USA},
 keywords = {Design and analysis of algorithms, approximation algorithms, computational geometry, polyhedral surfaces, shortest path problems, weighted paths}
}


@article{Jolesz:1997,
  Author	= {F.A. Jolesz and W.E. Lorensen and H. Shinmoto and H. Atsumi and S. Nakajima and P. Kavanaugh and P. Saiviroonporn and S.E. Seltzer and S.G. Silverman and M. Phillips and R. Kikinis},
  Title		= {Interactive Virtual Endoscopy},
  Year		= {1997},
  Month	= {11},
  Volume	= {169},
  Number	= {5},
  Pages	= {1229--1235},
  Publisher	= {AJR Am J Roentgenol},
  Institution	= {Department of Radiology/MRI, Harvard Medical School, Boston, MA 02115, USA.},
  Sponsor	= {CA 05936 (CA) funded by NCI},
  PubMedID	= {9353433}
}




@article {Bartesaghi:2001,
author = {Bartesaghi, Alberto and Sapiro, Guillermo},
title = {A system for the generation of curves on 3D brain images},
journal = {Human Brain Mapping},
volume = {14},
number = {1},
publisher = {John Wiley I\& Sons, Inc.},
issn = {1097-0193},
url = {http://dx.doi.org/10.1002/hbm.1037},
doi = {10.1002/hbm.1037},
pages = {1--15},
keywords = {brain images, warping, sulci, gyri, geodesics, segmentation, triangulated surfaces, computational neuroscience},
year = {2001}
}


@article{Bose:2011,
title = "A survey of geodesic paths on 3D surfaces ",
journal = "Computational Geometry ",
volume = "44",
number = "9",
pages = "486 - 498",
year = "2011",
note = "",
issn = "0925-7721",
author = "Prosenjit Bose and Anil Maheshwari and Chang Shu and Stefanie Wuhrer",
keywords = "Computational geometry",
keywords = "Shortest paths",
keywords = "Three-dimensional shortest paths",
keywords = "Polyhedral surfaces "
}


@inproceedings{Chen:1990,
author = {Chen, Jindong and Han, Yijie},
title = {Shortest paths on a polyhedron},
booktitle = {Proceedings of the sixth annual symposium on Computational geometry},
series = {SCG '90},
year = {1990},
isbn = {0-89791-362-0},
location = {Berkley, California, USA},
pages = {360--369},
numpages = {10},
acmid = {98601},
publisher = {ACM},
address = {New York, NY, USA},
}


@book{golub-vanloan:1996,
author = {Golub, Gene H. and Van Loan, Charles F.},
day = {15},
edition = {3rd},
howpublished = {Paperback},
isbn = {0801854148},
keywords = {matrix, numerical-method},
month = oct,
posted-at = {2007-12-04 04:05:27},
priority = {5},
publisher = {The Johns Hopkins University Press},
title = {{Matrix Computations (Johns Hopkins Studies in Mathematical Sciences)(3rd Edition)}},
year = {1996}
}

@article{Farin:1989,
author = {Farin, Gerald and Sapidis, Nickolas},
title = {Curvature and the Fairness of Curves and Surfaces},
journal = {IEEE Comput. Graph. Appl.},
issue_date = {March 1989},
volume = {9},
number = {2},
month = mar,
year = {1989},
issn = {0272-1716},
pages = {52--57},
numpages = {6},
acmid = {617474},
publisher = {IEEE Computer Society Press},
address = {Los Alamitos, CA, USA},
}

@article{Hofer:2004,
author = {Hofer, Michael and Pottmann, Helmut},
title = {Energy-minimizing splines in manifolds},
journal = {ACM Trans. Graph.},
issue_date = {August 2004},
volume = {23},
number = {3},
month = aug,
year = {2004},
issn = {0730-0301},
pages = {284--293},
numpages = {10},
acmid = {1015716},
publisher = {ACM},
address = {New York, NY, USA},
keywords = {geometric optimization, motion design, obstacle avoidance, splines in manifolds, variational curve design},
}

@article{Katz:2003,
author = {Katz, Sagi and Tal, Ayellet},
title = {Hierarchical mesh decomposition using fuzzy clustering and cuts},
journal = {ACM Trans. Graph.},
issue_date = {July 2003},
volume = {22},
number = {3},
month = jul,
year = {2003},
issn = {0730-0301},
pages = {954--961},
numpages = {8},
acmid = {882369},
publisher = {ACM},
address = {New York, NY, USA},
keywords = {control-skeleton extraction, mesh decomposition, mesh segmentation}
}

@article{Kimmel:1998,
author = {Kimmel, R. and Sethian, J. A.},
title = {Computing geodesic paths on manifolds},
volume = {95},
number = {15},
pages = {8431-8435},
year = {1998},
abstract ={The Fast Marching Method is a numerical algorithm for solving the Eikonal equation on a rectangular orthogonal mesh in O(M log M) steps, where M is the total number of grid points. In this paper we extend the Fast Marching Method to triangulated domains with the same computational complexity. As an application, we provide an optimal time algorithm for computing the geodesic distances and thereby extracting shortest paths on triangulated manifolds. },
URL = {http://www.pnas.org/content/95/15/8431.abstract},
eprint = {http://www.pnas.org/content/95/15/8431.full.pdf+html},
journal = {Proceedings of the National Academy of Sciences}
}

@article {Lee:1999,
author = {Lee, Seungyong},
title = {Interactive Multiresolution Editing of Arbitrary Meshes},
journal = {Computer Graphics Forum},
volume = {18},
number = {3},
publisher = {Blackwell Publishers Ltd},
issn = {1467-8659},
pages = {73--82},
keywords = {Physically Based Modeling, Surgery Simulation, Soft Tissue, Tetrahedralization, Interactive Cut, Virtual Scalpel, Runge Kutta Method},
year = {1999}
}


@article{Memoli:2001,
author = {M{\'e}moli, Facundo and Sapiro, Guillermo},
title = {Fast computation of weighted distance functions and geodesics on implicit hyper-surfaces: 730},
journal = {J. Comput. Phys.},
issue_date = {November 1, 2001},
volume = {173},
number = {2},
month = nov,
year = {2001},
issn = {0021-9991},
pages = {764--},
acmid = {511936},
publisher = {Academic Press Professional, Inc.},
address = {San Diego, CA, USA}
}


@article{Mitchell:1987,
author = {Mitchell, Joseph S. B. and Mount, David M. and Papadimitriou, Christos H.},
title = {The discrete geodesic problem},
journal = {SIAM J. Comput.},
issue_date = {Aug. 1987},
volume = {16},
number = {4},
month = aug,
year = {1987},
issn = {0097-5397},
pages = {647--668},
numpages = {22},
acmid = {33372},
publisher = {Society for Industrial and Applied Mathematics},
address = {Philadelphia, PA, USA}
}



@article{Peyre:2006,
author = {Peyr{\'e}, Gabriel and Cohen, Laurent D.},
title = {Geodesic Remeshing Using Front Propagation},
journal = {Int. J. Comput. Vision},
issue_date = {August    2006},
volume = {69},
number = {1},
month = aug,
year = {2006},
issn = {0920-5691},
pages = {145--156},
numpages = {12},
acmid = {1133794},
publisher = {Kluwer Academic Publishers},
address = {Hingham, MA, USA},
keywords = {deformable models, fast marching algorithm, geodesic computation, mesh segmentation, remeshing, surface parameterization, texture mapping}
}



@book{Press:2001,
author = {Press, William H. and Vetterling, William T. and Teukolsky, Saul A. and Flannery, Brian P.},
title = {Numerical Recipes in C++: the art of scientific computing},
year = {2002},
isbn = {0-521-75033-4},
edition = {2nd},
publisher = {Cambridge University Press},
address = {New York, NY, USA},
}


@inproceedings{Schreiber:2006,
author = {Schreiber, Yevgeny and Sharir, Micha},
title = {An optimal-time algorithm for shortest paths on a convex polytope in three dimensions},
booktitle = {Proceedings of the twenty-second annual symposium on Computational geometry},
series = {SCG '06},
year = {2006},
isbn = {1-59593-340-9},
location = {Sedona, Arizona, USA},
pages = {30--39},
numpages = {10},
acmid = {1137862},
publisher = {ACM},
address = {New York, NY, USA},
keywords = {continuous Dijkstra, geodesics, polytope surface, shortest path, shortest path map, unfolding, wavefront},
}


@book{Sethian:1999,
author = {Sethian, J. A.},
day = {13},
edition = {2},
howpublished = {Paperback},
isbn = {0521645573},
keywords = {book, level-sets},
month = jun,
posted-at = {2007-08-20 11:34:12},
priority = {0},
publisher = {Cambridge University Press},
title = {{Level Set Methods and Fast Marching Methods: Evolving Interfaces in Computational Geometry, Fluid Mechanics, Computer Vision, and Materials Science ... on Applied and Computational Mathematics)}},
year = {1999}
}



@inproceedings{Sharir:1984,
author = {Sharir, Micha and Schorr, Amir},
title = {On shortest paths in polyhedral spaces},
booktitle = {Proceedings of the sixteenth annual ACM symposium on Theory of computing},
series = {STOC '84},
year = {1984},
isbn = {0-89791-133-4},
pages = {144--153},
numpages = {10},
acmid = {808676},
publisher = {ACM},
address = {New York, NY, USA},
}



@article{Surazhsky:2005,
author = {Surazhsky, Vitaly and Surazhsky, Tatiana and Kirsanov, Danil and Gortler, Steven J. and Hoppe, Hugues},
title = {Fast exact and approximate geodesics on meshes},
journal = {ACM Trans. Graph.},
issue_date = {July 2005},
volume = {24},
number = {3},
month = jul,
year = {2005},
issn = {0730-0301},
pages = {553--560},
numpages = {8},
acmid = {1073228},
publisher = {ACM},
address = {New York, NY, USA},
keywords = {geodesic distance, shortest path}
}



@article{Wandell:2000,
author = {Wandell, Brian A. and Chial, Suelika and Backus, Benjamin T.},
title = {Visualization and Measurement of the Cortical Surface},
journal = {J. Cognitive Neuroscience},
issue_date = {September 2000},
volume = {12},
number = {5},
month = sep,
year = {2000},
issn = {0898-929X},
pages = {739--752},
numpages = {14},
acmid = {1163493},
publisher = {MIT Press},
address = {Cambridge, MA, USA}
}


@article{Xin:2009,
author = {Xin, Shi-Qing and Wang, Guo-Jin},
title = {Improving Chen and Han's algorithm on the discrete geodesic problem},
journal = {ACM Trans. Graph.},
issue_date = {August 2009},
volume = {28},
number = {4},
month = sep,
year = {2009},
issn = {0730-0301},
pages = {104:1--104:8},
articleno = {104},
numpages = {8},
acmid = {1559761},
publisher = {ACM},
address = {New York, NY, USA},
keywords = {Design and analysis of algorithms, computational geometry, shortest path problems}
}

@article{fuhrmann-2003-interaction,
        author = {Fuhrmann, A. and Gro{\ss}, C. and Luckas, V. and Weber, Andreas},
         pages = {71--82},
         title = {Interaction Free Dressing of Virtual Humans},
       journal = {Computers and Graphics},
        volume = {27},
        number = {1},
          year = {2003},
  howpublished = {http://www.elsevier.com/gej-ng/10/13/20/95/25/33/abstract.html},
          note = {Best Paper Award Computers \& Graphics 2003},
      keywords = {Interaction Free Dressing, Virtual Humans},
           doi = {10.1016/S0097-8493(02)00245-5}
}

@inproceedings{Thomaszewski:2006,
 author = {Thomaszewski, Bernhard and Wacker, Markus and Stra\sser, Wolfgang},
 title = {A consistent bending model for cloth simulation with corotational subdivision finite elements},
 booktitle = {Proceedings of the 2006 ACM SIGGRAPH/Eurographics symposium on Computer animation},
 series = {SCA '06},
 year = {2006},
 isbn = {3-905673-34-7},
 location = {Vienna, Austria},
 pages = {107--116},
 numpages = {10},
 url = {http://dl.acm.org/citation.cfm?id=1218064.1218079},
 acmid = {1218079},
 publisher = {Eurographics Association},
 address = {Aire-la-Ville, Switzerland, Switzerland},
 keywords = {cloth simulation, finite elements, polar decomposition, subdivision surfaces, thin shells}
} 

@inproceedings{GroB:2003,
 author = {Gro\ss, Clemens and Fuhrmann, Arnulph and Luckas, Volker},
 title = {Automatic pre-positioning of virtual clothing},
 booktitle = {Proceedings of the 19th spring conference on Computer graphics},
 series = {SCCG '03},
 year = {2003},
 isbn = {1-58113-861-X},
 location = {Budmerice, Slovakia},
 pages = {99--108},
 numpages = {10},
 url = {http://doi.acm.org/10.1145/984952.984970},
 doi = {10.1145/984952.984970},
 acmid = {984970},
 publisher = {ACM},
 address = {New York, NY, USA},
 keywords = {cloth modeling, physically based simulation}
} 

@inproceedings{Baraff:1998,
 author = {Baraff, David and Witkin, Andrew},
 title = {Large steps in cloth simulation},
 booktitle = {Proceedings of the 25th annual conference on Computer graphics and interactive techniques},
 series = {SIGGRAPH '98},
 year = {1998},
 isbn = {0-89791-999-8},
 pages = {43--54},
 numpages = {12},
 url = {http://doi.acm.org/10.1145/280814.280821},
 doi = {10.1145/280814.280821},
 acmid = {280821},
 publisher = {ACM},
 address = {New York, NY, USA},
 keywords = {cloth, constraints, implicit integration, physically-based modeling, simulation}
} 

@article{DJWBSC06,
  author       = "Decaudin, Philippe and Julius, Dan and Wither, Jamie and Boissieux, Laurence and Sheffer, Alla and Cani, Marie-Paule",
  title        = "Virtual Garments: A Fully Geometric Approach for Clothing Design",
  journal      = "Computer Graphics Forum (Eurographics'06 proc.)",
  number       = "3",
  volume       = "25",
  month        = "sep",
  year         = "2006",
  keywords     = "geometric modeling of garments, developable surfaces, procedural models, buckling",
  url          = "http://evasion.imag.fr/Publications/2006/DJWBSC06"
}

@MISC{Divivier_virtualtryon,
    author = {A. Divivier and Dr. R. Trieb and A. Ebert and Prof Dr and H. Hagen and C. Gross and A. Fuhrmann and Dr. V. Luckas and Prof Dr. -ing and J. L. Encarnação and E. Kirchdörfer and S. Kimmerle and M. Keckeisen and Dr. M. Wacker and Prof Dr and W. Strasser and Ralf Sarlette and Prof Dr and R. Klein},
    title = {Virtual Try-On Topics in Realistic, Individualized Dressing in Virtual Reality},
    year = {2012}
}

@book{House:2000,
 editor = {House, Donald H. and Breen, David E.},
 title = {Cloth modeling and animation},
 year = {2000},
 isbn = {1-56881-090-3},
 publisher = {A. K. Peters, Ltd.},
 address = {Natick, MA, USA}
} 


@INPROCEEDINGS{Zhang883956, 
author={Dongliang Zhang and Yuen, M.M.-F.}, 
booktitle={Computer Graphics and Applications, 2000. Proceedings. The Eighth Pacific Conference on}, 
title={Collision detection for clothed human animation}, 
year={2000}, 
pages={328-337}, 
keywords={collision avoidance;computational geometry;computer animation;auxiliary line segments;cloth animation;clothed human animation;collision detection;curvature;fast voxelization;multilayer methods;self-collision detection method;voxel size;voxel-based collision detection method;Animation;Biological system modeling;Computational efficiency;Computational geometry;Computational modeling;Computer graphics;Design automation;Detection algorithms;Humans;Robots}, 
doi={10.1109/PCCGA.2000.883956},}

@misc{wacker2001AClothModelling,
    author = "Etzmuß, Olaf and Hauth, Michael and Kimmerle, Stefan and Mezger, Johannes and Wacker, Markus",
    url = "http://citeseerx.ist.psu.edu/viewdoc/download?rep=rep1&type=pdf&doi=10.1.1.20.2682",
    year = "2001",
    title = "A Cloth Modelling System for Animated Characters"
}

@inproceedings{Fontana:2004,
 author = {Fontana, M. and Rizzi, C. and Cugini, U.},
 title = {Physics-based Modelling and Simulation of Functional Cloth for Virtual Prototyping Applications},
 booktitle = {Proceedings of the Ninth ACM Symposium on Solid Modeling and Applications},
 series = {SM '04},
 year = {2004},
 isbn = {3-905673-55-X},
 location = {Genoa, Italy},
 pages = {267--272},
 numpages = {6},
 url = {http://dl.acm.org/citation.cfm?id=1217875.1217917},
 acmid = {1217917},
 publisher = {Eurographics Association},
 address = {Aire-la-Ville, Switzerland, Switzerland}
} 

@ARTICLE{Ng536273, 
author={Ng, H.N. and Grimsdale, R.L.}, 
journal={Computer Graphics and Applications, IEEE}, 
title={Computer graphics techniques for modeling cloth}, 
year={1996}, 
volume={16}, 
number={5}, 
pages={28-41}, 
keywords={CAD/CAM;engineering graphics;realistic images;textile industry;cloth modeling techniques;computer graphics techniques;future research directions;geometrical method;hybrid method;physical accuracy;physical method;publication chronology;survey;textile engineering;visual realism;Animation;CADCAM;Clothing industry;Computer aided manufacturing;Computer graphics;Hardware;Humans;Shape;Solid modeling;Textile industry}, 
doi={10.1109/38.536273}, 
ISSN={0272-1716}
}

@article{Wang:2010:EWS:1778765.1778844,
 author = {Wang, Huamin and Hecht, Florian and Ramamoorthi, Ravi and O'Brien, James},
 title = {Example-based wrinkle synthesis for clothing animation},
 journal = {ACM Trans. Graph.},
 issue_date = {July 2010},
 volume = {29},
 number = {4},
 month = jul,
 year = {2010},
 issn = {0730-0301},
 pages = {107:1--107:8},
 articleno = {107},
 numpages = {8},
 url = {http://doi.acm.org/10.1145/1778765.1778844},
 doi = {10.1145/1778765.1778844},
 acmid = {1778844},
 publisher = {ACM},
 address = {New York, NY, USA},
 keywords = {cloth simulation, clothing animation, example-based animation, precomputed animation, wrinkles}
} 

@inproceedings{Cordier:2004,
 author = {Cordier, Frederic and Magnenat-Thalmann, Nadia},
 title = {A Data-Driven Approach for Real-Time Clothes Simulation},
 booktitle = {Proceedings of the Computer Graphics and Applications, 12th Pacific Conference},
 series = {PG '04},
 year = {2004},
 isbn = {0-7695-2234-3},
 pages = {257--266},
 numpages = {10},
 url = {http://dl.acm.org/citation.cfm?id=1025128.1026049},
 acmid = {1026049},
 publisher = {IEEE Computer Society},
 address = {Washington, DC, USA}
} 

@inproceedings{Cutler:2005,
 author = {Cutler, Lawrence D. and Gershbein, Reid and Wang, Xiaohuan Corina and Curtis, Cassidy and Maigret, Erwan and Prasso, Luca and Farson, Peter},
 title = {An art-directed wrinkle system for CG character clothing},
 booktitle = {Proceedings of the 2005 ACM SIGGRAPH/Eurographics symposium on Computer animation},
 series = {SCA '05},
 year = {2005},
 isbn = {1-59593-198-8},
 location = {Los Angeles, California},
 pages = {117--125},
 numpages = {9},
 url = {http://doi.acm.org/10.1145/1073368.1073384},
 doi = {10.1145/1073368.1073384},
 acmid = {1073384},
 publisher = {ACM},
 address = {New York, NY, USA}
} 

@inproceedings{Chittaro:2003,
 author = {Chittaro, Luca and Corvaglia, Demis},
 title = {3D virtual clothing: from garment design to web3d visualization and simulation},
 booktitle = {Proceedings of the eighth international conference on 3D Web technology},
 series = {Web3D '03},
 year = {2003},
 isbn = {1-58113-644-7},
 location = {Saint Malo, France},
 pages = {73--ff},
 url = {http://doi.acm.org/10.1145/636593.636605},
 doi = {10.1145/636593.636605},
 acmid = {636605},
 publisher = {ACM},
 address = {New York, NY, USA},
 keywords = {CAD tools for garment design, VRML/Java, XML, cross-application data exchange format for the textile industry, physically-based simulation, product visualization, virtual clothing}
} 

@inproceedings{KeckeisenFW04,
  added-at = {2006-03-02T00:00:00.000+0100},
  author = {Keckeisen, Michael and Feurer, Matthias and Wacker, Markus},
  biburl = {http://www.bibsonomy.org/bibtex/290db3a4627170660c8b7033ff6767157/dblp},
  booktitle = {VRST},
  crossref = {conf/vrst/2004},
  date = {2006-03-02},
  description = {dblp},
  editor = {Lau, Rynson W. H. and Baciu, George},
  ee = {http://doi.acm.org/10.1145/1077534.1077572},
  interhash = {cbd26478cae486bcae5eb7f5d0e98238},
  intrahash = {90db3a4627170660c8b7033ff6767157},
  isbn = {1-58113-907-1},
  keywords = {dblp},
  pages = {182-185},
  publisher = {ACM},
  timestamp = {2006-03-02T00:00:00.000+0100},
  title = {Tailor tools for interactive design of clothing in virtual environments.},
  url = {http://dblp.uni-trier.de/db/conf/vrst/vrst2004.html#KeckeisenFW04},
  year = 2004
}

@INPROCEEDINGS{4407832, 
author={Magnenat-Thalmann, N. and Luible, C. and Volino, P. and Lyard, E.}, 
booktitle={Computer-Aided Design and Computer Graphics, 2007 10th IEEE International Conference on}, 
title={From Measured Fabric to the Simulation of Cloth}, 
year={2007}, 
pages={7-18}, 
keywords={clothing industry;fabrics;cloth features;cloth simulation;measured fabric;simulated garment;Clothing;Computational modeling;Deformable models;Elasticity;Fabrics;Mechanical factors;Shape;Textile fibers;Viscosity;Yarn}, 
doi={10.1109/CADCG.2007.4407832}
}

@inproceedings{Metaaphanon:2005:RCS:1101389.1101404,
 author = {Metaaphanon, Napaporn and Kanongchaiyos, Pizzanu},
 title = {Real-time cloth simulation for garment CAD},
 booktitle = {Proceedings of the 3rd international conference on Computer graphics and interactive techniques in Australasia and South East Asia},
 series = {GRAPHITE '05},
 year = {2005},
 isbn = {1-59593-201-1},
 location = {Dunedin, New Zealand},
 pages = {83--89},
 numpages = {7},
 url = {http://doi.acm.org/10.1145/1101389.1101404},
 doi = {10.1145/1101389.1101404},
 acmid = {1101404},
 publisher = {ACM},
 address = {New York, NY, USA},
 keywords = {cellular structured space, cloth model, garment model, human model mass-spring model}
} 

@article{DRAPE2012,
  title = {DRAPE: DRessing Any PErson},
  author = {Guan, P. and Reiss, L. and Hirshberg, D. and Weiss, A. and Black, M. J.},
  month = jul,
  number = {4},
  volume = {31},
  pages = {35:1--35:10},
  journal = {ACM Trans. on Graphics (Proc. SIGGRAPH)},
  year = {2012}
}

@article{brouet:hal-00695903,
 author = {Brouet, Remi and Sheffer, Alla and Boissieux, Laurence and Cani, Marie-Paule},
 title = {Design Preserving Garment Transfer},
 journal = {ACM Trans. Graph.},
 issue_date = {July 2012},
 volume = {31},
 number = {4},
 month = jul,
 year = {2012},
 issn = {0730-0301},
 pages = {36:1--36:11},
 articleno = {36},
 numpages = {11},
 url = {http://doi.acm.org/10.1145/2185520.2185532},
 doi = {10.1145/2185520.2185532},
 acmid = {2185532},
 publisher = {ACM},
 address = {New York, NY, USA},
 keywords = {garment modeling, geometry processing, resizing, transfer methods}
}

@ARTICLE{Sheffer05abf,
    author = {Alla Sheffer and Bruno Lévy and Maxim Mogilnitsky and Alexander Bogomyakov},
    title = {ABF++: fast and robust angle based flattening},
    journal = {ACM TRANSACTIONS ON GRAPHICS},
    year = {2005},
    volume = {24},
    pages = {311--330}
}

@article{Kavan-11-CUP,
  author       = {Ladislav Kavan and Dan Gerszewski and Adam Bargteil and Peter-Pike Sloan},
  title        = {Physics-inspired Upsampling for Cloth Simulation in Games},
  journal      = {ACM Trans. Graph.},
  volume       = {30},
  number       = {4},
  year         = {2011},
  publisher    = {ACM Press},
  pages        = {93:1--93:9},
  address      = {New York, NY, USA},
}

@article{Volino:2009:SAN:1559755.1559762,
 author = {Volino, Pascal and Magnenat-Thalmann, Nadia and Faure, Francois},
 title = {A simple approach to nonlinear tensile stiffness for accurate cloth simulation},
 journal = {ACM Trans. Graph.},
 issue_date = {August 2009},
 volume = {28},
 number = {4},
 month = sep,
 year = {2009},
 issn = {0730-0301},
 pages = {105:1--105:16},
 articleno = {105},
 numpages = {16},
 url = {http://doi.acm.org/10.1145/1559755.1559762},
 doi = {10.1145/1559755.1559762},
 acmid = {1559762},
 publisher = {ACM},
 address = {New York, NY, USA},
 keywords = {Particle systems, cloth simulation, finite elements, mechanical simulation}
} 

@inproceedings{Hadap:1999:AWC:319351.319372,
 author = {Hadap, Sunil and Bangerter, Endre and Volino, Pascal and Magnenat-Thalmann, Nadia},
 title = {Animating wrinkles on clothes},
 booktitle = {Proceedings of the conference on Visualization '99: celebrating ten years},
 series = {VIS '99},
 year = {1999},
 isbn = {0-7803-5897-X},
 location = {San Francisco, California, USA},
 pages = {175--182},
 numpages = {8},
 url = {http://dl.acm.org/citation.cfm?id=319351.319372},
 acmid = {319372},
 publisher = {IEEE Computer Society Press},
 address = {Los Alamitos, CA, USA},
 keywords = {cloth modeling, deformable models, wrinkle modeling}
} 

@article{Kunii1990,
year={1990},
issn={0178-2789},
journal={The Visual Computer},
volume={6},
number={6},
doi={10.1007/BF01901019},
title={Singularity theoretical modeling and animation of garment wrinkle formation processes},
url={http://dx.doi.org/10.1007/BF01901019},
publisher={Springer-Verlag},
keywords={Soft objects; Garment wrinkle formation; Singularity theory; Metric invariant deformation; Approximation},
author={Kunii, TosiyasuL. and Gotoda, Hironobu},
pages={326-336},
language={English}
}

@book{volino2000virtual,
  title={Virtual Clothing: Theory and Practice},
  author={Volino, P. and Thalmann, N.M.},
  isbn={9783540676003},
  lccn={00057364},
  url={http://books.google.co.uk/books?id=gTjXsxIkTCYC},
  year={2000},
  publisher={Springer-Verlag GmbH}
}


@article{Thielhelm2012,
year={2012},
issn={0178-2789},
journal={The Visual Computer},
volume={28},
number={6-8},
doi={10.1007/s00371-012-0681-4},
title={Connecting geodesics on smooth surfaces},
url={http://dx.doi.org/10.1007/s00371-012-0681-4},
publisher={Springer-Verlag},
keywords={Shortest paths; Distance computation; Geodesics; Homotopy method; Focal curves},
author={Thielhelm, Hannes and Vais, Alexander and Brandes, Daniel and Wolter, Franz-Erich},
pages={529-539},
language={English}
}

@inproceedings{Ruggeri:2006,
 author = {Ruggeri, M. R. and Darom, T. and Saupe, D. and Kiryati, N.},
 title = {Approximating geodesics on point set surfaces},
 booktitle = {Proceedings of the 3rd Eurographics / IEEE VGTC conference on Point-Based Graphics},
 series = {SPBG'06},
 year = {2006},
 isbn = {3-905673-32-0},
 location = {Boston, Massachusetts},
 pages = {85--94},
 numpages = {10},
 url = {http://dx.doi.org/10.2312/SPBG/SPBG06/085-093},
 doi = {10.2312/SPBG/SPBG06/085-093},
 acmid = {2386400},
 publisher = {Eurographics Association},
 address = {Aire-la-Ville, Switzerland, Switzerland}
} 

@article{Klein:2004,
 author = {Klein, Jan and Zachmann, Gabriel},
 title = {Point cloud surfaces using geometric proximity graphs},
 journal = {Comput. Graph.},
 issue_date = {December, 2004},
 volume = {28},
 number = {6},
 month = dec,
 year = {2004},
 issn = {0097-8493},
 pages = {839--850},
 numpages = {12},
 url = {http://dx.doi.org/10.1016/j.cag.2004.08.012},
 doi = {10.1016/j.cag.2004.08.012},
 acmid = {1652361},
 publisher = {Pergamon Press, Inc.},
 address = {Elmsford, NY, USA}
} 

@article{Pottmann:2010,
 author = {Pottmann, Helmut and Huang, Qixing and Deng, Bailin and Schiftner, Alexander and Kilian, Martin and Guibas, Leonidas and Wallner, Johannes},
 title = {Geodesic patterns},
 journal = {ACM Trans. Graph.},
 volume = {29},
 issue = {4},
 month = {July},
 year = {2010},
 issn = {0730-0301},
 pages = {43:1--43:10},
 articleno = {43},
 numpages = {10},
 url = {http://doi.acm.org/10.1145/1778765.1778780},
 doi = {http://doi.acm.org/10.1145/1778765.1778780},
 acmid = {1778780},
 publisher = {ACM},
 address = {New York, NY, USA}
} 

@inproceedings{Ruggeri:2006,
 author = {Ruggeri, M. R. and Darom, T. and Saupe, D. and Kiryati, N.},
 title = {Approximating geodesics on point set surfaces},
 booktitle = {Proceedings of the 3rd Eurographics / IEEE VGTC conference on Point-Based Graphics},
 series = {SPBG'06},
 year = {2006},
 isbn = {3-905673-32-0},
 location = {Boston, Massachusetts},
 pages = {85--94},
 numpages = {10},
 url = {http://dx.doi.org/10.2312/SPBG/SPBG06/085-093},
 doi = {10.2312/SPBG/SPBG06/085-093},
 acmid = {2386400},
 publisher = {Eurographics Association},
 address = {Aire-la-Ville, Switzerland, Switzerland}
} 

@article{Sethian1999,
year={1999},
issn={0920-5691},
journal={International Journal of Computer Vision},
volume={34},
number={1},
doi={10.1023/A:1008172320786},
title={Linearised Euclidean Shortening Flow of Curve Geometry},
url={http://dx.doi.org/10.1023/A%3A1008172320786},
publisher={Kluwer Academic Publishers},
keywords={linearised shortening flow; frame field; metric; connection; torsion; curvature; scale-space; similarity jet},
author={Salden, AlfonsH. and ter Haar Romeny, BartM. and Viergever, MaxA.},
pages={29-67},
language={English}
}

@book{trefethen1997numerical,
  title={Numerical Linear Algebra},
  author={Trefethen, L.N. and Bau, D.},
  isbn={9780898713619},
  lccn={96052458},
  series={Miscellaneous Bks},
  url={http://books.google.co.uk/books?id=4Mou5YpRD\_kC},
  year={1997},
  publisher={Society for Industrial and Applied Mathematics}
}

@book{cormen2001introduction,
  title={Introduction To Algorithms},
  author={Cormen, T.H. and Leiserson, C.E. and Rivest, R.L. and Stein, C.},
  isbn={9780262032933},
  lccn={00103127},
  url={http://books.google.co.uk/books?id=NLngYyWFl\_YC},
  year={2001},
  publisher={MIT Press}
}

@article{James1918107,
author = {James R. Bunch and John E. Hopcroft},
title = {{Triangular Factorization and Inversion by Fast Matrix Multiplication}},
journal = {Mathematics of Computation},
volume = {28},
year = {1974},
pages = {231--231},
issue = {125},
doi = {10.2307/2005828},
masid = {1918107}
}

@book{moore2001concepts,
  title={Concepts of pattern grading: techniques for manual and computer grading},
  author={Moore, C.L. and Mullet, K.K. and Young, M.P.},
  isbn={9781563672101},
  lccn={2001274828},
  year={2001},
  publisher={Fairchild Pub.}
}

@manual{USsizeChart2010,
author = {ISO/TR-10652},
title = {Standard sizing systems for clothes},
year = {1991},
publisher = {{ISO, Geneva, Switzerland}},
}

@manual{UKsizeChart2005,
author = {EN:13402},
title = {Size designation of clothes},
year = {2001},
publisher = {European Committee for Standardization},
}

@book{Holland:1992,
 author = {Holland, John H.},
 title = {Adaptation in natural and artificial systems},
 year = {1992},
 isbn = {0-262-58111-6},
 publisher = {MIT Press},
 address = {Cambridge, MA, USA}
} 

@book{haupt2004practical,
  title={Practical Genetic Algorithms},
  author={Haupt, R.L. and Haupt, S.E.},
  isbn={9780471671756},
  url={http://books.google.co.uk/books?id=k0jFfsmbtZIC},
  year={2004},
  publisher={Wiley}
}

@book{deb2001multi,
  title={Multi-Objective Optimization using Evolutionary Algorithms},
  author={Deb, K.},
  isbn={9780471873396},
  lccn={01022514},
  series={Wiley Interscience Series in Systems and Optimization},
  url={http://books.google.co.uk/books?id=OSTn4GSy2uQC},
  year={2001},
  publisher={Wiley}
}

@book{michalewicz1996genetic,
  title={Genetic Algorithms + Data Structures = Evolution Programs},
  author={Michalewicz, Z.},
  isbn={9783540606765},
  lccn={95048027},
  series={Artificial intelligence},
  url={http://books.google.co.uk/books?id=vlhLAobsK68C},
  year={1996},
  publisher={Springer}
}

@ARTICLE{Srinivas286385, 
author={Srinivas, M. and Patnaik, L.M.}, 
journal={Systems, Man and Cybernetics, IEEE Transactions on}, 
title={Adaptive probabilities of crossover and mutation in genetic algorithms}, 
year={1994}, 
volume={24}, 
number={4}, 
pages={656-667}, 
keywords={convergence of numerical methods;genetic algorithms;optimisation;probability;Schema theorem;adaptive genetic algorithm;adaptive probabilities;convergence capacity;crossover;fitness values;multimodal function optimization;mutation;Capacity planning;Design optimization;Encoding;Genetic algorithms;Genetic mutations;Neural networks;Optimal control;Organizing;Robustness;Sampling methods}, 
doi={10.1109/21.286385}, 
ISSN={0018-9472},}

@ARTICLE{Grefenstette4075583, 
author={Grefenstette, J.J.}, 
journal={Systems, Man and Cybernetics, IEEE Transactions on}, 
title={Optimization of Control Parameters for Genetic Algorithms}, 
year={1986}, 
volume={16}, 
number={1}, 
pages={122-128}, 
keywords={Adaptive control;Adaptive systems;Algorithm design and analysis;Control theory;Design optimization;Genetic algorithms;Image registration;Process control;Programmable control;Response surface methodology}, 
doi={10.1109/TSMC.1986.289288}, 
ISSN={0018-9472},}

@INPROCEEDINGS{Yaman5653114, 
author={Yaman, F. and Yilmaz, A.E.}, 
booktitle={Signal Processing and Communications Applications Conference (SIU), 2010 IEEE 18th}, 
title={Investigation of fixed and variable mutation rate performances in real coded Genetic Algorithm for uniform circular antenna array pattern synthesis problem}, 
year={2010}, 
pages={594-597}, 
keywords={antenna arrays;antenna radiation patterns;genetic algorithms;angular position;binary codes;fixed mutation rate;real coded genetic algorithm;uniform circular antenna array pattern synthesis problem;uniformly spaced isotropic elements;variable mutation rate;Adaptive arrays;Antenna theory;Arrays;Gallium;Optimization;Phased arrays}, 
doi={10.1109/SIU.2010.5653114},}

@book{reader2010new,
  title={New Complete Guide to Sewing: Step-By-Step Techniquest for Making Clothes and Home Accessories, Simplicity Patterns},
  author={Reader's Digest},
  isbn={9781606522080},
  lccn={2010029616},
  series={Reader's Digest},
  url={http://books.google.co.uk/books?id=woYdSwAACAAJ},
  year={2010},
  publisher={Reader's Digest Association, Incorporated}
}

@book{zelditch2004geometric,
  title={Geometric Morphometrics for Biologists: A Primer},
  author={Zelditch, M.},
  isbn={9780127784601},
  lccn={04107927},
  url={http://books.google.co.uk/books?id=LKCVAGn8vkoC},
  year={2004},
  publisher={Elsevier Academic Press}
}

@article{Kendall1977,
author = {D. G. Kendall},
title = {The Diffusion of Shape},
journaltitle = {Advances in Applied Probability},
year = {1977},
}

@INPROCEEDINGS{Ishibuchi4631121, 
author={Ishibuchi, H. and Tsukamoto, N. and Nojima, Y.}, 
booktitle={Evolutionary Computation, 2008. CEC 2008. (IEEE World Congress on Computational Intelligence). IEEE Congress on}, 
title={Evolutionary many-objective optimization: A short review}, 
year={2008}, 
pages={2419-2426}, 
keywords={evolutionary computation;optimisation;EMO algorithms;evolutionary many-objective optimization;multiobjective optimization;Scalability}, 
doi={10.1109/CEC.2008.4631121}
}

@ARTICLE{Deb996017, 
author={Deb, K. and Pratap, A. and Agarwal, S. and Meyarivan, T.}, 
journal={Evolutionary Computation, IEEE Transactions on}, 
title={A fast and elitist multiobjective genetic algorithm: NSGA-II}, 
year={2002}, 
volume={6}, 
number={2}, 
pages={182-197}, 
doi={10.1109/4235.996017}, 
ISSN={1089-778X},}


@Misc{maya2012,
key = {Autodesk},
title = {Maya2012},
year = {2012},
howpublished = {Software},
note = {Autodesk Inc},
}

@Misc{FashionStudioSuite,
key = {NedGraphics},
title = {Fashion Studio Suite},
year = {2010},
howpublished = {Software},
note = {NedGraphics Inc},
}

@Misc{DigitalFashionPro,
key = {Harper Arrington},
title = {Digital Fashion Pro V8},
year = {2014},
howpublished = {Software},
note = {Harper Arrington Inc},
}

@Misc{WidGingerSoftware,
key = {Wid Ginger Software},
title = {Cameo v5},
year = {2013},
howpublished = {Software},
note = {Wid Ginger Software Inc},
}

@Misc{MyLabel,
key = {Bernia},
title = {MyLabel 3D Fashion Pattern Software},
year = {2012},
howpublished = {Software},
note = {Bernia Inc},
}

@Misc{Ratatouille ,
key = {Brad Bird},
title = {Ratatouille },
year = {2007},
howpublished = {Movie},
note = {Pixar Animation Studios},
}

@Misc{Kaledo,
key = {Lectra},
title = {Kaledo },
year = {2014},
howpublished = {Software},
note = {Lectra Inc},
}

@Misc{MD,
key = {Marvelous},
title = {Marvelous Designer},
year = {2014},
howpublished = {Software},
note = {Marvelous Inc},
}

@Misc{PDS,
key = {optitex},
title = { Optitex PDS 11 },
year = {2014},
howpublished = {Software},
note = {Optitex Inc},
}

@article{Emmanuel2007,
author = {Emmanuel Turquin and Jamie Wither and Laurence Boissieux and Marie-Paule Cani and John F. Hughes},
title = {A Sketch-Based Interface for Clothing Virtual Characters},
journal ={IEEE Computer Graphics and Applications},
volume = {27},
number = {1},
issn = {0272-1716},
year = {2007},
pages = {72-81},
doi = {http://doi.ieeecomputersociety.org/10.1109/MCG.2007.1},
publisher = {IEEE Computer Society},
address = {Los Alamitos, CA, USA}
}



@article{Zitzler1999MEA,
 author = {Zitzler, E. and Thiele, L.},
 title = {Multiobjective evolutionary algorithms: a comparative case study
and the strength Pareto approach},
 journal = {Trans. Evol. Comp},
 issue_date = {November 1999},
 volume = {3},
 number = {4},
 month = nov,
 year = {1999},
 issn = {1089-778X},
 pages = {257--271},
 numpages = {15},
 url = {http://dx.doi.org/10.1109/4235.797969},
 doi = {10.1109/4235.797969},
 acmid = {2221470},
 publisher = {IEEE Press},
 address = {Piscataway, NJ, USA}
} 

@phdthesis{zitzler1999,
    author = {Zitzler, E.},
    citeulike-article-id = {4597043},
    citeulike-linkout-0 = {http://www.tik.ethz.ch/\~{}sop/publications/},
    keywords = {1999, evolutionary\_algorithms, multiobjective, optimization},
    posted-at = {2009-05-22 14:36:24},
    priority = {2},
    publisher = {Shaker Verlag},
    school = {ETH Zurich, Switzerland},
    title = {{Evolutionary Algorithms for Multiobjective Optimization: Methods and Applications}},
    url = {http://www.tik.ethz.ch/\~{}sop/publications/},
    year = {1999}
}

@Misc{Poser2012,
key = {SmithMicro},
title = {Poser2012},
year = {2012},
howpublished = {Software},
note = {SmithMicro Inc},
}


@article{Liu2011367,
title = "Automatic body segmentation with graph cut and self-adaptive initialization level set (SAILS) ",
journal = "Journal of Visual Communication and Image Representation ",
volume = "22",
number = "5",
pages = "367 - 377",
year = "2011",
note = "",
issn = "1047-3203",
doi = "http://dx.doi.org/10.1016/j.jvcir.2011.03.003",
url = "http://www.sciencedirect.com/science/article/pii/S104732031100037X",
author = "Qiang Liu and Hongliang Li and King Ngi Ngan",
keywords = "Face detection",
keywords = "Motion estimation and compensation",
keywords = "Body segmentation",
keywords = "Object segmentation",
keywords = "Graph cut",
keywords = "Level set",
keywords = "Background contrast removal",
keywords = "Object detection "
}

@inproceedings{Achim2002,
Title = {Efficient Assistance of Virtual Dress Fitting using Intelligent Morphing},
Author = {Achim Ebert and Ingo Ginkel and Henning Barthel and Andreas Divivier and Michael Bender},
Editor = {J. J. Villanueva},
BookTitle = {Proceedings of the IASTED International Conference on Visualization, Imaging and Image Processing},
Year = {2002},
Publisher = {ACTA Press}
}

@article{Howland2008,
title = "The Merits of a Basic Fitting Pattern",
journal = "Threads",
volume = "79",
pages = "48 - 52",
year = "2008",
note = "",
issn = "0882-7370",
doi = "http://dx.doi.org/10.1016/j.jvcir.2011.03.003",
url = "http://www.sciencedirect.com/science/article/pii/S104732031100037X",
author = "Karen Howland"
}


@book{Pareto:1971,
  added-at = {2010-03-02T17:25:53.000+0100},
  address = {New York},
  author = {Pareto, Vilfredo},
  biburl = {http://www.bibsonomy.org/bibtex/2d6a90f0ebcf6a89e57527b1d496be5bf/jrennstich},
  booktitle = {Manual of Political Economy (Manuale Di Economia Politica)},
  date-modified = {2010-02-28 21:15:22 -0500},
  interhash = {2c06ea2b17bf2e1874bec132b2ffd1a5},
  intrahash = {d6a90f0ebcf6a89e57527b1d496be5bf},
  keywords = {economic economy political},
  note = {Translated by Ann S. Schwier and Alfred N. Page},
  pages = {xii, 504 p.},
  publisher = {Kelley},
  timestamp = {2010-03-02T17:25:53.000+0100},
  title = {Manual of political economy (manuale di economia politica)},
  translator = {Ann S. Schwier and Alfred N. Page},
  year = {1906}
}

